2970 5100
1579 417 1625 487 6

464 620 684 713 pergit
748 616 1123 688 affirmare:
1204 642 1412 690 senes
1483 620 1822 700 feminae,
1904 641 2132 710 neque
2187 619 2382 688 aliter
2440 619 2751 711 profecto

461 760 581 810 eas
638 741 991 808 nominant
1044 739 1139 810 dii
1200 737 1696 830 hominesque,
1765 738 1954 810 aliud
2011 738 2093 809 iis
2150 760 2400 808 nomen
2461 737 2750 807 inditum

462 880 599 929 non
657 867 783 927 est.

670 976 807 1047 Hac
860 985 1088 1046 autem
1143 997 1218 1046 re
1275 976 1363 1045 ita
1427 976 1789 1047 constituta
1848 985 1918 1046 et
1970 972 2425 1045 affirmatione
2482 974 2589 1042 illa
2659 972 2752 1042 ab

461 1094 767 1165 Hesiodo
826 1096 1000 1165 facta
1072 1094 1140 1165 id
1213 1095 1538 1166 inculcari
1601 1095 1877 1165 videtur
1959 1094 2339 1165 venerabili
2416 1092 2754 1184 dignitate

462 1237 622 1285 esse
674 1215 966 1295 Graeas,
1020 1235 1058 1282 a
1114 1213 1247 1284 diis
1301 1212 1838 1306 hominibusque
1893 1215 2023 1285 coli
2079 1225 2285 1305 atque
2339 1233 2376 1281 a
2437 1212 2754 1282 remotis-

463 1333 655 1404 simis
714 1332 1139 1427 temporibus
1196 1333 1580 1406 celebratas
1636 1357 1795 1406 esse
1826 1331 1956 1429 1⁶);
2039 1334 2103 1404 id
2161 1333 2348 1424 quod
2399 1332 2602 1402 etiam
2658 1353 2755 1401 ex

460 1462 692 1545 aperta
750 1461 995 1546 poetae
1048 1453 1276 1547 inopia
1332 1454 1672 1544 colligitur
1726 1454 1984 1547 aliquid
2037 1453 2206 1525 certi
2264 1452 2355 1522 de
2407 1450 2583 1530 vita,
2657 1450 2753 1530 vi,

462 1571 753 1640 fortunis
807 1572 1179 1642 Graearum
1240 1572 1748 1666 pronuntiandi.
1884 1575 2054 1642 Nam
2108 1593 2264 1642 cum
2316 1569 2406 1640 de
2462 1569 2754 1660 singulis

462 1688 856 1782 quibusque
934 1692 1215 1783 reliquis
1283 1691 1403 1783 qui
1467 1690 1672 1763 huius
1747 1693 2043 1763 familiae
2117 1700 2314 1771 sunt,
2398 1689 2563 1760 satis
2639 1689 2755 1758 illo

463 1829 712 1899 magno
769 1831 1080 1891 numero,
1136 1810 1488 1904 quidpiam
1536 1813 1799 1883 referre
1856 1811 2094 1906 possit,
2151 1849 2253 1861 -
2319 1809 2407 1880 de
2461 1806 2754 1879 Medusa

461 1949 499 1996 a
570 1929 824 1999 Perseo
895 1929 1249 2001 interfecta
1321 1930 1697 2022 liberisque
1753 1931 2015 2023 Pegaso
2082 1939 2151 2000 et
2215 1927 2604 2022 Chrysaore
2660 1948 2756 1996 ex

462 2042 571 2118 ea
590 2048 1126 2141 prosilientibus,
1178 2049 1267 2120 de
1313 2050 1657 2144 Geryone,
1711 2050 1949 2132 Orth0‚
2005 2049 2380 2143 Eurytione
2437 2068 2558 2141 per
2610 2046 2755 2115 vim

463 2167 553 2236 ab
600 2167 893 2238 Hercule
942 2169 1190 2249 caesiS‚
1242 2168 1330 2240 de
1372 2168 1765 2264 Typhaonis
1820 2183 1888 2242 et
1939 2168 2290 2241 Echidnae
2338 2166 2587 2260 nuptiis
2632 2187 2755 2236 eo-

463 2309 751 2379 rumque
818 2309 972 2359 cum
1043 2308 1163 2359 sua
1237 2288 1577 2380 cuiusque
1643 2291 1910 2361 fortuna
1982 2289 2209 2383 prole,
2286 2285 2641 2357 Chimaera
2713 2308 2756 2356 a

463 2405 992 2500 Bellerophonte
1032 2407 1384 2488 trucidata,
1435 2406 1755 2501 Sphingis
1796 2407 2410 2486 devastationibus,
2466 2407 2756 2476 Nemaei

464 2525 685 2596 leonis
739 2526 898 2608 let0‚
953 2526 1409 2622 Hesperidum
1468 2529 1811 2623 serpentis
1855 2528 2168 2601 custodia
2197 2572 2322 2608 —-‚
2380 2526 2468 2598 de
2512 2526 2759 2598 Graeis

463 2646 1042 2737 acquiescendum
1105 2648 1303 2719 nobis
1359 2631 1520 2720 esse
1577 2649 1824 2744 patitur
1890 2650 1955 2718 in
2014 2670 2100 2720 eo
2159 2646 2345 2739 quod
2401 2668 2605 2741 parce
2660 2646 2761 2715 al-

466 2766 591 2837 teri
647 2765 1022 2860 pulchram,
1076 2768 1271 2840 alteri
1328 2789 1647 2840 croceam
1703 2778 1972 2839 vestem
2026 2790 2185 2839 esse
2237 2766 2421 2839 dicit.

673 2886 887 2957 Valde
942 2885 1073 2958 hoc
1139 2897 1246 2958 est
1302 2888 1548 2957 mirum
1615 2898 2012 2980 tantumque
2081 2887 2279 2958 abest
2344 2896 2416 2956 ut
2471 2884 2759 2956 Hesiodi

466 3007 823 3076 inventum
877 3027 1037 3076 esse
1094 3005 1410 3077 videatur
1466 3018 1539 3077 ut
1586 3008 1810 3100 potius
1871 3009 1939 3077 in
1996 3017 2179 3078 certa
2234 3006 2460 3098 aliqua
2510 3027 2584 3076 re
2635 3028 2762 3098 po-

465 3125 672 3195 situm
728 3124 798 3194 id
851 3146 1009 3196 esse
1061 3145 1355 3197 necesse
1403 3126 1525 3211 sit,
1580 3126 1768 3218 quod
1815 3128 2016 3198 etiam
2061 3149 2148 3197 eo
2197 3126 2521 3218 probatur
2565 3125 2761 3216 quod

465 3245 533 3315 in
588 3266 722 3313 una
778 3254 1036 3315 tantum
1086 3244 1303 3314 Graea
1362 3246 1576 3317 vestis
1632 3247 1933 3317 colorem
1994 3245 2295 3316 indicare
2349 3253 2576 3338 potest
2622 3243 2762 3313 He-

465 3364 740 3445 siodus,
823 3364 892 3432 in
947 3363 1157 3433 altera
1213 3364 1362 3435 eius
1419 3365 1518 3435 rei
1575 3366 2025 3457 ignorantiam
2083 3365 2211 3436 sub
2268 3385 2352 3435 eo
2407 3363 2591 3454 quod
2649 3374 2763 3435 est

463 3481 552 3565 εὖ,
610 3484 863 3553 nullam
919 3493 1173 3553 certam
1226 3484 1596 3576 imaginem
1652 3486 2038 3578 praebenti,
2095 3485 2410 3556 occultat.
2519 3483 2762 3574 Itaque

465 3604 532 3672 in
599 3600 730 3674 hac
800 3623 876 3673 re
943 3612 1140 3695 poeta
1205 3614 1319 3673 aut
1375 3604 1667 3698 priscam
1723 3605 2020 3697 aliquam
2075 3625 2254 3695 quae
2307 3603 2372 3671 ei
2428 3603 2558 3671 iam
2616 3624 2762 3672 non

466 3723 732 3813 integre
804 3722 874 3791 in
945 3723 1272 3793 memoria
1351 3723 1846 3794 obversaretur
1917 3724 2352 3796 traditionem
2419 3721 2759 3813 sequitur,

464 3851 620 3921 aut,
677 3840 746 3911 id
799 3840 984 3931 quod
1042 3842 1253 3911 multo
1309 3842 1470 3911 mihi
1527 3843 1802 3914 videtur
1856 3843 2279 3938 probabilius
2334 3862 2530 3921 esse,
2589 3841 2760 3909 ima-

464 3960 697 4052 ginem
753 3960 1043 4053 priscam
1109 3961 1179 4031 in
1248 3962 1474 4032 tabula
1534 3963 1781 4055 pictam
1838 3964 1904 4032 in
1965 3962 2293 4033 memoria
2352 3962 2762 4032 collocatam

464 4078 672 4150 habet
724 4080 791 4148 in
847 4100 978 4171 qua
1034 4078 1482 4152 cernerentur
1549 4083 1831 4154 Graeae.
1963 4083 2137 4153 Esse
2190 4092 2416 4152 autem
2472 4078 2765 4152 Hesiodi

466 4199 890 4292 temporibus
921 4199 1044 4271 hos
1083 4200 1271 4295 ipsos
1300 4204 1730 4295 potissimum
1765 4200 2038 4296 mythos
2067 4200 2476 4291 imaginibus
2510 4200 2759 4294 pictos,
2884 4217 2891 4224 ·

467 4317 538 4389 id
591 4319 760 4389 ultra
816 4319 1092 4390 omnem
1133 4320 1636 4392 dubitationem
1687 4344 1727 4392 e
1782 4330 2027 4416 poetae
2080 4320 2543 4415 descriptione
2583 4319 2760 4391 Gor-
