2970 5100
1290 452 1383 524 55

191 658 519 728 instructa
585 666 792 749 atque
860 656 1198 728 ambabus
1267 659 1584 730 manibus
1649 679 1812 753 prae
1886 670 2165 753 pectore
2226 661 2470 732 orbem

189 777 307 861 ovi
353 778 586 872 specie
643 784 846 847 tenet.
955 777 1027 845 In
1082 777 1295 846 altero
1352 777 1500 871 (Tb.
1548 780 1596 848 1.
1654 803 1717 850 n.
1768 775 1843 872 8)
1896 776 2111 869 figura
2159 790 2264 851 est
2315 777 2469 851 ficta

189 919 477 991 prorsus
532 897 808 976 similis,
888 904 959 964 ut
1017 906 1283 976 tamen,
1369 898 1602 989 quoad
1676 898 1743 967 in
1815 920 2093 968 nummo
2157 898 2471 990 dignosci

189 1027 446 1111 potest,
519 1017 744 1110 potius
803 1016 1104 1085 mascula
1163 1016 1591 1109 barbataque
1652 1016 2015 1088 iudicanda
2073 1018 2191 1098 sit,
2262 1041 2468 1110 quem

187 1138 274 1207 ad
350 1136 629 1207 modum
703 1135 771 1204 in
846 1134 1043 1204 tertio
1115 1133 1318 1206 huius
1387 1137 1663 1227 generis
1738 1157 2017 1206 nummo
2071 1136 2177 1206 vir
2233 1136 2471 1231 biceps

189 1256 522 1326 barbatus
575 1255 945 1326 invenitur.
1053 1253 1245 1336 Quae
1292 1254 1350 1325 si
1401 1256 1553 1327 aliis
1594 1255 1798 1326 valde
1842 1255 2181 1326 similibus
2227 1277 2471 1326 monu-

189 1377 438 1446 mentis
493 1373 818 1446 adhibitis
843 1370 941 1468 l9)
995 1371 1084 1465 (e.
1132 1397 1191 1445 c.
1248 1374 1466 1444 Embi.
1518 1372 1599 1467 Ι.)
1655 1376 2046 1465 Gorgonem
2101 1374 2471 1466 quamdam

187 1506 490 1567 statuere
548 1494 768 1574 liceat,
825 1492 1198 1565 admodum
1257 1495 1462 1564 fuerit
1517 1494 1585 1564 in
1650 1494 1881 1564 vicino
1935 1515 2021 1565 eo
2076 1494 2193 1585 qui
2253 1494 2321 1562 in
2376 1494 2471 1564 al-

187 1627 338 1687 tero
390 1617 600 1686 latere
654 1611 853 1685 fictus
907 1623 1012 1684 est
1068 1635 1290 1707 cycno
1346 1613 1606 1685 Graeas
1660 1613 1918 1704 signari
1973 1635 2293 1693 sumere,
2353 1635 2470 1684 eo-

187 1758 329 1827 que
400 1733 618 1824 magis
688 1733 877 1823 quod
942 1733 1009 1802 in
1085 1755 1221 1802 uno
1291 1755 1515 1827 cycno
1578 1733 1923 1825 rapacium
1982 1732 2263 1824 generis
2318 1731 2470 1803 avis

185 1854 389 1928 sedet
444 1862 667 1924 rostro
737 1872 1065 1945 carpens,
1141 1873 1365 1944 eoque
1430 1852 1606 1923 ultro
1673 1854 1937 1947 Harpes
2001 1853 2153 1922 avis
2211 1873 2471 1938 memo-

186 1977 359 2047 riam
417 1973 731 2043 excitans
755 1968 894 2066 2⁰)3
977 1981 1047 2040 ut
1112 1980 1246 2041 tota
1317 1973 1692 2043 Graearum
1766 1995 1889 2066 per
1954 1972 2283 2043 Perseum
2349 1971 2469 2042 de·-

186 2095 396 2167 victio
453 2092 834 2185 symbolico
889 2091 1094 2161 modo
1149 2090 1449 2161 iucunde
1505 2093 1855 2185 proposita
1909 2093 2109 2162 foret.

395 2213 644 2282 Verum
699 2231 784 2282 eo
839 2211 1163 2281 libentius
1211 2211 1279 2279 in
1331 2210 1775 2281 memoranda
1831 2233 1908 2281 re
1960 2211 2469 2302 acquiescimus

184 2355 325 2425 quo
381 2333 804 2403 noluerimus
852 2330 1267 2401 coniecturis
1314 2331 1899 2423 opinionibusque
1941 2331 2304 2402 temerarie
2348 2353 2471 2401 ex-

182 2451 566 2544 cogitandis
612 2451 886 2521 turbare
936 2471 1086 2521 eam
1129 2451 1352 2520 iucem
1405 2471 1612 2542 quam
1665 2451 1754 2522 de
1805 2473 1879 2522 re
1924 2449 2218 2522 obscura
2263 2459 2472 2543 atque

183 2574 509 2668 impedita
565 2571 950 2643 diffundere
1005 2570 1414 2653 studuimus,
1473 2572 1664 2642 tenui
1720 2572 1947 2643 favilla
2005 2572 2304 2643 tenuiter
2358 2592 2469 2643 ac-

182 2712 486 2764 censam.
