2970 5100
1558 425 1654 498 46

466 626 750 718 figurata
808 637 1043 698 essent
1096 628 1338 698 usitata
1396 629 1662 700 ratione
1710 649 1878 697 usos
1934 649 2114 706 esse,
2172 648 2305 718 qua
2365 627 2431 695 in
2483 650 2558 698 re
2606 649 2762 697 om-

468 748 631 817 nino
686 747 946 837 antiqui
1001 744 1298 817 artifices
1354 745 1534 817 haud
1594 748 1679 816 ita
1738 749 2013 815 suerunt
2077 743 2423 840 anxii45),
2504 749 2761 817 mirum

467 889 625 936 esse
674 888 811 935 non
853 865 1096 947 debet3
1153 877 1340 936 certe
1390 867 1515 936 ista
1577 867 1788 934 forma
1846 886 2025 955 quae
2080 867 2457 937 Graearum
2517 866 2762 957 figuris

466 987 669 1056 nobis
748 987 925 1055 notis
1002 985 1109 1053 vel
1181 1006 1220 1054 e
1292 985 1745 1077 scriptoribus
1818 986 2049 1054 animo
2126 988 2537 1078 colligendis
2616 1008 2760 1056 non

471 1107 668 1199 plane
745 1104 1069 1174 convenit
1145 1105 1251 1171 illa
1330 1105 1647 1194 quidem,
1730 1105 1786 1172 si
1862 1115 2021 1173 sunt
2092 1127 2269 1196 quae
2343 1107 2582 1196 utique
2662 1105 2758 1183 ad

466 1228 756 1295 Graeam
811 1223 1171 1312 designent
1230 1222 1599 1315 probibere
1652 1246 1783 1291 non
1825 1223 2035 1292 debet
2088 1247 2226 1315 quo
2275 1226 2501 1294 minus
2546 1225 2758 1293 etiam

464 1345 599 1414 illic
661 1345 947 1413 Graeam
1020 1364 1178 1413 esse
1244 1340 1467 1412 fictam
1538 1342 1944 1411 iudicemus.
2076 1344 2163 1412 At
2218 1366 2298 1414 ea
2368 1345 2512 1437 ipsa
2592 1364 2759 1412 sen-

466 1464 672 1533 tentia
744 1472 850 1532 est
922 1461 1338 1531 Wieseler
1407 1483 1544 1531 non
1615 1462 1991 1530 convenire
2069 1463 2434 1553 imaginem
2508 1462 2572 1533 ei
2650 1462 2758 1530 rei

463 1603 666 1673 quam
723 1581 1061 1674 depictam
1119 1596 1282 1650 esse
1328 1581 1586 1672 primus
1642 1580 1909 1650 censuit
1958 1579 2369 1659 Panofka:
2460 1603 2595 1650 non
2651 1582 2757 1648 in-

443 1703 655 1792 gredi
708 1702 1033 1771 Perseum
1095 1701 1289 1771 istam
1348 1702 1661 1770 Graeam.
1771 1700 1914 1789 Ego
1966 1722 2133 1770 vero
2193 1701 2376 1770 ilium
2435 1699 2749 1769 habitum

467 1821 674 1890 immo
738 1819 1234 1890 vindicaverim
1304 1819 1538 1903 heroi3
1620 1820 1734 1910 qui
1811 1819 2042 1889 audax
2113 1829 2607 1911 promptusque
2680 1820 2750 1887 in

463 1941 749 2009 Graeam
819 1960 1290 2033 approperans
1363 1980 1463 1990 --
1536 1951 1771 2008 contra
1847 1939 2153 2006 nonnulli
2226 1950 2583 2010 auctores,
2665 1951 2755 2006 ut

464 2080 673 2151 saepe
735 2058 1102 2127 indicatum
1162 2069 1307 2137 est,
1392 2058 1625 2126 dolum
1682 2057 1832 2127 eius
1889 2069 2275 2126 memorant
2331 2101 2426 2109 —
2486 2057 2602 2124 ubi
2659 2057 2753 2126 ad

467 2178 1038 2271 propinquitatem
1106 2177 1296 2246 mixti
1369 2176 1653 2246 monstri
1721 2176 2007 2246 audacia
2060 2176 2210 2245 eius
2271 2177 2568 2269 perculsi
2625 2176 2748 2253 ad-

463 2297 687 2374 venit,
765 2307 993 2366 tamen
1050 2319 1306 2389 pavore
1354 2296 1651 2387 quodam
1711 2295 2149 2387 opprimitur,
2221 2296 2383 2385 quin
2452 2297 2750 2365 fortasse

462 2417 663 2486 etiam
724 2414 1202 2484 incertitudine
1256 2415 1580 2505 quidnam
1643 2415 1706 2483 in
1766 2414 1937 2482 miro
1993 2414 2121 2483 isto
2171 2424 2486 2506 portento
2527 2416 2740 2484 factu-

460 2558 578 2606 rus
632 2533 748 2603 sit:
809 2533 966 2604 ideo
1010 2533 1093 2604 ad
1140 2533 1575 2613 Mercurium,
1634 2556 1912 2625 semper
1964 2532 2151 2602 illum
2208 2532 2454 2603 ducem
2513 2557 2737 2614 suum,

461 2677 536 2724 se
595 2654 967 2733 convertit,
1042 2654 1155 2743 qui
1223 2653 1503 2743 quidem
1572 2653 1803 2744 quiete
1873 2675 2027 2722 eum
2097 2653 2406 2722 instituit.
2519 2655 2736 2746 ipsam

463 2774 889 2866 potissimum
947 2794 1184 2843 eorum
1243 2794 1420 2863 quae
1476 2774 1773 2863 quisque
1822 2772 2070 2842 sentiat
2119 2773 2518 2840 varietatem
2568 2774 2740 2866 opti-

465 2915 572 2962 me
627 2902 784 2961 ante
838 2892 1078 2961 oculos
1138 2892 1552 2983 propositam
1624 2914 1781 2962 esse
1853 2901 2050 2984 puto:
2129 2891 2737 2984 obstupescentem

461 3012 787 3091 Graeam,
861 3011 1188 3080 Perseum
1246 3010 1681 3081 festinantem
1738 3010 2175 3101 eundemque
2231 3010 2737 3093 tamenhaesi-

462 3143 748 3211 tantem,
823 3130 1123 3220 denique
1191 3129 1398 3198 deum
1468 3153 1624 3200 cum
1697 3129 2060 3221 tranquillo
2121 3151 2200 3199 ac
2255 3131 2523 3200 viribus
2595 3132 2739 3201 suis

458 3252 634 3321 freto
689 3250 978 3322 consilio
1037 3271 1180 3317 rem
1239 3249 1735 3320 moderantem.

666 3371 908 3440 Contra
968 3369 1389 3440 Wieseler
1454 3370 1779 3439 Perseum
1850 3367 1958 3439 hic
2026 3391 2063 3437 a
2129 3370 2567 3460 Gorgonibus
2623 3392 2741 3439 ve-

457 3492 757 3562 nientem
814 3489 1096 3579 cogitari
1161 3488 1489 3580 sumpsit,
1546 3499 1750 3578 atque
1806 3489 2172 3583 Harpyiam
2228 3489 2619 3581 quampiam
2676 3490 2739 3557 ei

457 3631 846 3682 occurrere.
954 3606 1080 3688 At,
1154 3608 1441 3701 primum
1495 3608 1925 3698 quaerimus,
1988 3609 2263 3677 ubinam
2317 3619 2423 3677 est
2481 3609 2740 3697 Gorgo-

458 3752 689 3807 neum,
743 3728 1015 3797 ubinam
1065 3748 1275 3807 arma‚
1329 3727 1605 3796 ubinam
1657 3748 1852 3818 pera:
1911 3728 2163 3817 quibus
2206 3729 2415 3798 rebus
2465 3728 2528 3796 in
2582 3728 2740 3797 Per-

459 3872 580 3919 seo
650 3850 1055 3939 interempta
1125 3846 1258 3914 iam
1330 3846 1612 3916 Medusa
1681 3848 2040 3937 Gorgonas
2108 3870 2385 3917 sorores
2455 3848 2742 3937 fugienti
2827 3929 2830 3930 ⁷

428 4012 556 4052 ⁷-
595 3968 679 4037 ad
739 3968 933 4036 istam
981 3968 1162 4035 enim
1214 3967 1439 4056 fugam
1499 3967 1563 4034 in
1620 3967 2078 4036 Wieseleri
2134 3968 2470 4037 sententia
2527 3965 2746 4036 vehe-

456 4086 877 4158 mentissima
950 4085 1128 4153 iliius
1194 4085 1579 4155 festinantia
1657 4095 2033 4179 spectaret,
2117 4109 2273 4156 cum
2345 4107 2437 4155 ex
2507 4096 2743 4155 nostra

456 4208 780 4301 opinione
835 4205 920 4275 ad
977 4205 1443 4275 fortitudinem
1500 4206 1652 4276 eius
1706 4226 1785 4275 ac
1840 4206 2150 4275 certandi
2203 4205 2504 4277 studium
2563 4207 2743 4275 refe-

457 4327 669 4397 renda
724 4327 810 4397 sit
865 4368 960 4379 -—
1018 4326 1199 4395 nullo
1271 4313 1478 4395 modo
1549 4347 1758 4415 egere
1829 4346 2216 4418 possemus.
2336 4325 2603 4396 Deinde
2673 4327 2743 4396 in
