2970 5100
1259 467 1355 536 37

159 681 410 741 statum
469 678 694 739 terrae
746 669 862 759 qui
923 670 1122 740 fuerit
1178 681 1336 741 ante
1384 669 1702 742 homines
1749 682 2019 742 creatos
2072 670 2445 762 significari

163 787 448 883 putavit.
559 787 692 859 Sed
746 799 932 871 est03
993 789 1101 857 illa
1154 791 1429 860 fabulae
1477 792 1765 860 variatio
1825 814 1896 860 re
1951 812 2114 860 vera
2171 814 2206 859 a
2259 789 2447 863 ficto·

157 908 354 979 ribus
413 917 732 1000 usurpata
792 907 1021 987 sit,--—
1078 908 1277 978 affert
1326 921 1557 980 autem
1614 911 1981 980 Panofka
2017 906 2109 1004 ¹⁰)
2158 913 2444 981 nonnul-

152 1030 260 1098 las
314 1047 626 1117 gemmas
681 1048 922 1097 caesas
977 1048 1155 1118 quae
1202 1050 1286 1097 eo
1337 1039 1720 1100 monstrare
1766 1030 2151 1111 videantur,
2208 1052 2446 1122 quam-

153 1168 363 1238 quam
424 1148 571 1216 illas
635 1167 767 1215 non
827 1168 1042 1217 nosco
1101 1170 1228 1217 nec
1293 1149 1506 1217 sciam
1566 1149 1748 1220 unde
1814 1150 1873 1219 is
1937 1148 2144 1221 homo
2198 1150 2444 1220 doctus

155 1288 310 1338 eam
378 1289 523 1337 rem
581 1288 621 1336 e
675 1265 1173 1358 copiosissimis
1230 1267 1674 1338 collectaneis
1730 1266 2037 1340 hauserit
2107 1313 2224 1349 --,
2310 1271 2444 1339 for-

156 1388 421 1457 tuitone
469 1386 723 1456 factum
765 1407 926 1456 esse
974 1385 1322 1471 videretur
1378 1398 1448 1455 ut
1504 1397 1572 1457 et
1625 1389 1997 1482 scriptores
2052 1401 2120 1460 et
2169 1387 2443 1459 fictores

156 1507 340 1576 nulla
389 1505 705 1574 animalia
775 1505 901 1575 nisi
958 1504 1405 1598 quadrupeda
1461 1506 1549 1576 ad
1612 1506 1677 1577 id
1734 1508 1955 1601 ipsum
2010 1507 2440 1588 adhiberent,

151 1647 334 1716 quae
389 1624 667 1715 quidem
723 1626 1038 1716 proxime
1095 1636 1333 1694 essent
1387 1624 1787 1697 hominibus
1846 1630 2188 1717 cognata?

361 1744 514 1825 Ouo
573 1742 779 1813 modo
845 1741 1042 1814 fictor
1110 1745 1175 1812 in
1250 1744 1314 1813 id
1392 1746 1727 1816 incideret
1799 1759 1868 1817 ut
1935 1747 2282 1818 hominem
2351 1768 2440 1816 ex

151 1886 284 1934 ave
343 1865 601 1933 faceret
658 1861 969 1954 prodire,
1032 1863 1093 1932 id
1153 1865 1339 1954 quod
1399 1866 1462 1933 in
1530 1866 1662 1935 illis
1715 1868 2007 1956 gemmis
2065 1868 2288 1938 caesis
2343 1867 2441 1934 in-

154 1984 532 2061 veniretur,
589 1981 844 2072 quique
899 1983 1181 2072 cogitari
1242 1994 1472 2075 posset
1523 1985 1701 2054 illam
1756 1983 2058 2076 fingendi
2108 1987 2439 2056 rationem

155 2114 288 2172 tam
359 2100 892 2172 convenientem
961 2102 1221 2192 aliquot
1276 2100 1575 2174 artifices
1642 2106 2162 2176 existimaturos
2227 2106 2442 2174 fuisse

151 2233 228 2291 ut
283 2222 349 2289 in
409 2220 728 2290 stabilem
784 2242 934 2291 eam
994 2222 1382 2314 reciperent
1438 2226 1696 2294 usum?
1823 2227 2047 2315 Atque
2106 2225 2220 2294 ubi
2276 2224 2441 2313 legi-

153 2352 263 2411 tur
340 2363 429 2411 ex
499 2340 774 2409 animali
834 2338 1315 2411 Prometheum
1388 2340 1703 2412 homines
1773 2345 2072 2415 fec-isse?
2177 2346 2441 2436 Nempe

151 2460 564 2554 scriptorum
622 2459 777 2539 loci,
843 2460 897 2529 si
955 2461 1109 2552 quis
1162 2460 1364 2530 modo
1417 2461 1812 2553 diligentius
1862 2484 1985 2533 eos
2037 2464 2437 2558 inspexerit,

150 2582 219 2652 id
290 2578 624 2651 exhibent
694 2578 1177 2649 Prometheum
1268 2605 1421 2651 cum
1494 2584 1703 2652 vitam
1776 2582 1969 2654 daret
2037 2585 2144 2653 vel
2214 2584 2437 2674 aliqua

152 2701 429 2794 propria
487 2699 822 2768 tribueret.
874 2697 1112 2788 figuris
1169 2701 1312 2769 suis
1367 2702 1732 2771 nonnullas
1790 2702 2098 2796 corporis
2159 2700 2436 2772 humani

152 2829 384 2914 partes
432 2820 803 2890 bestiarum
851 2819 1385 2910 proprietatibus
1435 2821 1873 2891 instruxisse.
1981 2823 2190 2893 Estne
2235 2844 2439 2915 porro

146 2938 538 3011 Promethei
606 2938 802 3009 istius
876 2936 1146 3008 habitus
1215 2939 1365 3009 eius
1431 2941 1549 3029 qui
1624 2941 1688 3009 in
1746 2941 2056 3032 longiore
2112 2962 2194 3011 ac
2249 2941 2437 3012 labo-

147 3061 330 3130 riosa
409 3080 616 3152 opera
692 3069 1043 3136 versetur,
1114 3080 1270 3127 cum
1345 3061 1748 3151 praesertim
1823 3062 1885 3130 ei
1957 3060 2137 3132 desit
2203 3060 2434 3141 sedes,

145 3199 327 3270 quae
384 3199 520 3247 non
579 3178 779 3247 facile
829 3177 997 3245 alias
1038 3176 1238 3246 abest
1280 3178 1687 3250 Prometheo
1732 3178 2049 3251 homines
2092 3181 2434 3259 formanti‚

147 3309 219 3369 et
272 3319 409 3367 non
472 3297 691 3389 potius
748 3296 895 3365 eius
952 3296 1066 3387 qui
1124 3296 1530 3367 festinanter
1581 3299 1837 3388 aliquid
1894 3312 2100 3391 atque
2148 3301 2211 3368 in
2255 3309 2435 3367 tran-

146 3419 280 3488 situ
325 3417 527 3507 agat?
633 3417 875 3484 Nonne
933 3417 997 3484 in
1045 3437 1130 3485 eo
1178 3417 1363 3505 quod
1414 3418 1665 3487 collum
1717 3419 1900 3490 illius
1941 3417 2199 3509 figurae
2237 3441 2437 3512 pren-

144 3538 247 3608 dit
294 3537 471 3606 inest
517 3534 1022 3629 impediendam
1066 3536 1244 3604 illam
1294 3558 1453 3607 esse
1498 3560 1636 3629 quo
1684 3540 1907 3608 minus
1959 3539 2187 3630 aliquo
2230 3537 2437 3608 modo

145 3660 450 3727 futurum
510 3656 597 3724 sit
654 3667 722 3723 ut
782 3656 1098 3724 resistat‘?
1230 3656 1472 3726 Nonne
1528 3658 1594 3726 in
1656 3658 1738 3727 iis
1795 3658 2207 3747 imaginibus
2261 3679 2435 3749 quas

147 3798 272 3871 per
340 3799 405 3844 n.
463 3776 497 3843 1
576 3785 644 3845 et
712 3774 755 3843 2
832 3775 1156 3864 insignivi
1227 3775 1507 3866 aliquod
1578 3798 1832 3870 operae
1908 3776 2434 3847 instrumentum

146 3897 385 3986 utique
411 3893 971 3964 desideraretur?
1073 3894 1299 3976 Quid?
1346 3893 1655 3967 fictorem
1682 3897 1790 3967 vel
1825 3895 2433 3967 inscientissimum

144 4028 282 4085 tam
337 4014 729 4107 imperitum
790 4014 950 4084 licet
1004 4015 1307 4105 cogitare
1362 4027 1433 4085 ut
1483 4015 1747 4105 grande
1803 4025 2005 4108 caput
2061 4013 2433 4084 humanum

142 4137 213 4206 in
267 4156 631 4229 procerum
689 4133 841 4203 avis
896 4134 1145 4203 collum
1202 4135 1308 4204 vel
1369 4158 1453 4203 ex
1515 4158 1600 4205 eo
1657 4137 1913 4206 faceret
1964 4131 2164 4224 fingi,
2224 4133 2433 4224 idque

142 4266 211 4328 et
280 4254 591 4326 crinibus
662 4264 730 4322 et
795 4252 859 4321 in
921 4253 1320 4323 universum
1376 4255 1463 4323 ab
1521 4255 1843 4325 omnibus
1903 4254 2209 4346 partibus
2265 4253 2436 4322 inte-

138 4397 365 4468 grum,
423 4372 827 4465 ceteroquin
884 4382 1020 4443 tota
1067 4385 1467 4445 remanente
1510 4375 1661 4445 avis
1707 4373 1968 4465 figura?
2072 4373 2228 4443 Plus
2273 4394 2433 4444 cau-
