2970 5100
1586 441 1680 514 54

490 646 623 719 fico
673 647 1010 720 Adonidis
1056 649 1236 719 lecto
1278 658 1506 739 quem‘
1534 645 1934 717 Theocritus
1965 644 2058 739 ll)
2108 646 2440 718 describit
2483 648 2576 717 ob
2618 669 2801 720 ean-

493 767 656 838 dem
714 788 857 836 rem
915 767 1093 837 duae
1150 777 1307 837 sunt
1360 767 1630 859 aquilae
1683 786 1863 857 quae
1917 765 2188 837 Adonin
2247 767 2609 838 sublimem
2688 770 2797 838 ef-

493 888 758 966 ferunt,
837 895 906 956 et
959 887 1026 955 in
1085 887 1260 978 signi
1308 885 1666 957 cuiusdam
1717 886 1971 956 Romae
2018 886 2453 976 goniasteriis
2501 887 2589 955 ab
2638 910 2792 958 uno

493 1027 774 1098 quoque
831 1007 1044 1076 latere
1096 1007 1254 1098 lupa
1308 1028 1466 1078 cum
1515 1006 1750 1083 infanti
1804 1007 2095 1076 lactente
2149 1005 2566 1099 conspicitur
2604 1003 2734 1100 12).

695 1125 777 1195 Ut
831 1125 967 1196 illic
1021 1126 1292 1217 aquilae
1345 1125 1728 1197 custodiam
1786 1134 2057 1205 tenent,
2132 1125 2233 1195 sic
2303 1125 2370 1194 in
2439 1127 2658 1221 cippis
2720 1139 2796 1197 et.

491 1244 678 1316 ansis
711 1245 1151 1334 Gorgoneum
1193 1246 1517 1316 aGraeis
1556 1245 1793 1338 cycnis
1832 1243 2245 1314 custoditum
2289 1247 2611 1316 cernitur.
2710 1248 2788 1316 Iu

492 1384 625 1455 qua
679 1362 984 1454 fingendi
1052 1365 1316 1434 ratione
1368 1366 1618 1435 artifex
1672 1386 1829 1434 eum
1888 1385 2149 1433 morem
2209 1364 2418 1454 idque
2472 1365 2786 1436 studium

494 1491 772 1553 secutus
826 1492 931 1552 est
986 1483 1175 1573 quod
1228 1485 1296 1552 in
1344 1485 1688 1574 Gorgonei
1726 1482 2039 1553 ’amuleto
2082 1481 2479 1555 adhibendo
2522 1485 2787 1576 ubique

493 1602 562 1671 in
618 1623 743 1671 usu
799 1611 1023 1677 esset:
1079 1612 1155 1671 ut
1210 1603 1275 1673 id
1334 1625 1673 1696 expresse
1732 1603 2012 1696 insuper
2067 1613 2281 1672 tutum
2332 1603 2781 1688 redderetur3

493 1722 643 1792 sive
688 1720 1084 1791 foeditatem
1130 1723 1346 1812 magis
1393 1723 1749 1813 magisque
1790 1732 2062 1792 auctam
2108 1723 2171 1792 ei
2219 1722 2385 1792 dare
2437 1723 2586 1792 sive
2625 1724 2785 1794 aliis

491 1836 742 1910 additis
812 1840 1291 1933 praesentibus
1358 1841 1676 1911 amuletis
1740 1840 2058 1911 tutiorem
2117 1838 2394 1912 efficere
2448 1843 2597 1912 eius
2657 1865 2784 1934 po-

493 1958 771 2028 tentiam
828 1957 1207 2030 studerent.
1315 1961 1396 2030 Et
1431 1960 1596 2031 illud
1641 1960 1921 2051 quidem
1969 1961 2180 2031 variis
2237 1960 2482 2041 modis,
2540 1962 2609 2030 in
2642 1963 2784 2054 pri-

491 2077 621 2148 mis
693 2078 989 2148 mascula
1058 2080 1355 2171 quadam
1431 2081 1662 2172 specie
1730 2079 2072 2170 Gorgonis
2132 2079 2233 2150 ori
2297 2079 2589 2150 deformi
2658 2081 2784 2151 ad-

493 2198 867 2278 miscenda,
912 2218 1112 2290 quae,
1167 2208 1237 2268 ut
1271 2199 1337 2268 in
1387 2198 1605 2288 magis
1641 2197 2159 2280 Machethianis,
2208 2199 2531 2270 addenda
2561 2199 2783 2269 barba

493 2319 1010 2413 produceretur,
1067 2317 1385 2388 effectum
1433 2327 1540 2388 est
1555 2348 1572 2402 3
1628 2315 1759 2386 hoc
1800 2336 1971 2387 vero
2011 2341 2077 2386 v.
2122 2340 2181 2388 c.
2233 2318 2572 2390 addendis
2618 2342 2784 2390 ocu-

491 2438 573 2508 lis
628 2438 951 2527 magicis3
1008 2436 1175 2528 quin
1230 2458 1315 2506 eo
1371 2458 1772 2530 processum
1833 2446 1938 2507 est
1997 2446 2067 2506 ut
2121 2436 2364 2508 horum
2417 2438 2782 2508 oculorum

491 2558 764 2651 pupillis
820 2558 1068 2627 iterum
1122 2558 1481 2647 Gorgonea
1541 2555 1985 2648 infigerentur
2018 2553 2138 2658 13).
2250 2560 2359 2629 Sic
2406 2558 2592 2651 quod
2653 2560 2784 2628 tui·

492 2687 714 2746 turum
760 2686 947 2746 esset
987 2678 1424 2767 Gorgoneum
1483 2686 1551 2747 et
1609 2677 1832 2770 ipsum
1890 2667 2130 2748 tutum'
2163 2699 2323 2748 esse
2376 2677 2782 2758 credebant,

493 2796 729 2887 sicque
787 2816 1024 2865 earum
1080 2796 1149 2866 in
1205 2796 1459 2887 quibus
1517 2818 1698 2865 nunc
1753 2817 2115 2867 versamur
2178 2799 2550 2888 imaginum
2622 2798 2785 2866 arti-

490 2913 657 2986 fices
712 2916 1074 2987 tutricibus
1127 2914 1469 2986 addendis
1518 2914 1759 2985 Graeis
1812 2918 2053 3009 cycnis
2100 2928 2308 2987 tutam
2356 2916 2783 2989 efficacitatis

491 3037 631 3105 vim
685 3034 1048 3105 dederunt.

696 3154 906 3224 Valde
961 3154 1028 3223 in
1085 3154 1472 3247 propinquo
1547 3165 1652 3225 est
1707 3155 1932 3227 obiter
1992 3158 2232 3228 saltem
2289 3158 2524 3227 talium
2580 3180 2780 3225 num·

490 3295 759 3347 morum
812 3274 1230 3344 mentionem
1284 3274 1373 3345 ad
1440 3273 1628 3345 hunc
1702 3275 1928 3346 locum
2003 3278 2320 3347 conferre
2377 3276 2495 3367 qui
2553 3276 2621 3344 in
2682 3277 2778 3343 al-

493 3406 640 3466 tero
716 3396 930 3464 latere
1000 3394 1480 3484 Gorgoneum,
1563 3396 1629 3463 in
1702 3396 1918 3466 altero
2000 3418 2294 3490 cycnum
2380 3383 2811 3475 ostendant„

495 3524 568 3585 ut
641 3514 1056 3585 Clazomenii
1097 3509 1214 3603 ι4).
1356 3497 1507 3597 Quo
1573 3516 1775 3589 etiam
1842 3515 1930 3586 ad
1995 3513 2146 3585 illos
2214 3516 2525 3609 proprios
2584 3514 2778 3584 duci-

491 3655 648 3703 mur
685 3655 1010 3703 «nummos
1058 3634 1178 3723 qui
1220 3635 1427 3706 modo
1465 3632 1945 3728 Sardibus-¹5),
2003 3635 2207 3705 modo
2256 3635 2657 3705 Camarinae
2684 3632 2775 3726 16)

492 3753 703 3824 modo
777 3752 1088 3823 Maratho
1117 3750 1211 3848 1⁷)
1289 3756 1681 3825 tribuuntur
1708 3749 1842 3853 ιε3),
1919 3777 2213 3845 cumque
2288 3775 2497 3847 saepe
2570 3754 2775 3825 efficti

492 3874 663 3952 sint,
762 3883 984 3944 tamen
1061 3873 1369 3944 nondum
1440 3886 1695 3946 rectam
1768 3876 2142 3966 imaginum
2214 3859 2489 3945 suarum
2564 3876 2793 3945 inter-⁴

491 3993 940 4089 pretationem
996 4003 1154 4063 sunt
1208 4004 1471 4065 nactae.
1581 3996 1885 4079 Quorum
1951 4017 2082 4086 ego
2138 3994 2316 4065 duos
2370 3996 2618 4065 iterum
2676 3996 2773 4065 ef-

487 4112 854 4204 fingendos
906 4114 1163 4183 curavi.
1273 4114 1462 4184 Alter
1518 4116 1663 4205 (Tb.
1708 4117 1751 4185 l.
1804 4140 1869 4185 n.
1909 4112 1987 4207 9)
2043 4115 2131 4184 ab
2177 4135 2310 4184 una
2364 4124 2556 4209 parte
2602 4113 2773 4206 figu-

490 4253 635 4304 ram
696 4242 1030 4303 monstrat
1084 4254 1120 4301 a
1177 4235 1402 4305 fronte
1456 4232 1681 4306 fictam
1739 4245 1807 4306 et
1859 4236 1927 4304 in
1974 4256 2197 4325 genua
2255 4235 2643 4328 pronixam‚
2701 4235 2773 4304 ni

491 4353 723 4433 fallor,
822 4353 1227 4435 femineam,
1336 4375 1513 4445 quae
1593 4356 1856 4445 magnis
1930 4352 2408 4462 humerorum>
2453 4354 2580 4425 alis
2665 4364 2773 4426 est
