2970 5100
1265 448 1353 521 11

175 653 379 724 valde
418 651 823 723 incredibile
860 649 929 720 fit
959 673 1119 721 suas
1161 662 1386 743 partes
1422 651 1485 720 in
1526 651 1748 721 sabula
1789 651 2018 741 egisse
2042 651 2297 720 Graeas
2319 647 2445 741 28),

168 772 443 864 hocque
504 771 720 861 magis
787 770 877 849 si,
959 781 1030 839 ut
1082 768 1585 864 Welckert²9)
1640 779 1858 864 putat,
1938 769 2004 838 in
2061 767 2272 840 choro
2325 791 2446 840 eas

171 893 388 962 fuisse
442 890 843 980 cogitemus,
953 889 1333 961 Duodecim
1377 891 1634 961 Graeas
1673 889 1762 959 ab
1803 886 2148 982 Aeschylo
2191 889 2256 956 in
2301 911 2451 960 sce-

165 1031 320 1080 nam
374 1008 742 1102 productas
786 1031 944 1080 esse
992 1031 1079 1080 ne
1135 1009 1283 1102 ipse
1340 1010 1621 1100 quidem
1677 1007 1925 1079 credit:
1983 1018 2228 1099 quater
2276 1008 2449 1078 istae

166 1140 428 1209 ternae,
486 1137 810 1219 quattuor
863 1139 1152 1198 cunctae
1206 1129 1533 1200 dentibus
1587 1138 2047 1221 quattuorque
2095 1127 2311 1198 oculis
2349 1128 2450 1198 in-

165 1260 465 1320 structae
534 1247 933 1318 necessario
1002 1246 1328 1319 videlicet
1396 1248 1684 1319 ridicule
1754 1245 1967 1336 magis
2032 1246 2299 1317 animos
2352 1249 2449 1316 af-

165 1369 468 1440 fecturae
551 1389 778 1458 neque
851 1366 1114 1437 cantica
1193 1367 1394 1437 nimis
1467 1368 1718 1438 blanda
1803 1365 2112 1436 editurae
2188 1377 2444 1437 essent.

162 1487 405 1558 Incidit
459 1499 726 1567 autem,
796 1509 951 1556 cum
1005 1487 1150 1557 iure
1202 1489 1278 1557 G.
1339 1481 2037 1577 Hermannumtffl)
2094 1485 2451 1575 Gorgonas

168 1630 323 1678 cum
378 1606 616 1676 Graeis
687 1606 753 1674 in
810 1603 1021 1676 choro
1079 1607 1533 1678 collocantem
1603 1606 1907 1685 refellat,
1986 1626 2071 1675 eo
2126 1604 2312 1697 quod
2368 1605 2456 1676 ad

170 1735 312 1797 tres
366 1727 622 1797 Graeas
681 1724 1025 1796 ministras
1090 1748 1406 1817 quoque,
1489 1726 1750 1797 scilicet
1812 1735 2114 1796 monstra
2178 1725 2453 1795 similia-

166 1869 327 1936 que,
390 1829 453 1915 in
509 1843 794 1915 chorum
851 1847 1237 1915 accessisse
1293 1845 1560 1925 statuit,
1641 1845 1705 1913 in
1776 1866 1932 1914 eum
2009 1866 2314 1915 errorem
2385 1856 2455 1916 ut

166 1965 492 2035 admixtis
545 1963 631 2034 ad
683 1965 964 2045 Graeas,
1021 1985 1199 2055 quae
1254 1975 1443 2035 certe
1502 1964 1859 2058 primarias
1916 1963 1981 2032 in
2038 1962 2251 2034 choro
2304 1985 2454 2058 par-

167 2096 273 2157 tes
327 2094 562 2155 essent
630 2096 943 2164 acturae,
1024 2084 1477 2154 inferioribus.
1532 2084 1944 2175 quibusdam
2016 2084 2330 2176 personis
2412 2106 2453 2154 e

168 2203 686 2276 dominantibus
750 2214 818 2275 et
882 2203 1347 2274 servientibus
1413 2201 1699 2273 chorum
1768 2203 2274 2295 compositurus
2342 2205 2451 2274 sit.

166 2322 329 2394 Mihi
383 2323 562 2393 enim
621 2345 873 2394 novem
920 2324 1092 2393 istae
1141 2323 1511 2400 ministrae,
1564 2344 1735 2414 quas
1774 2322 2056 2392 omnino
2099 2323 2454 2394 exstitisse

176 2467 313 2515 non
371 2443 627 2514 scimus
680 2464 992 2535 quasque
1045 2444 1162 2533 qui
1211 2465 1503 2513 necesse
1558 2443 1645 2513 sit
1690 2443 1802 2512 vel
1857 2443 2059 2511 etiam
2107 2443 2307 2513 liceat
2356 2443 2454 2512 in-

173 2565 432 2635 ducere
500 2585 635 2632 non
705 2563 1046 2653 intelligo,
1140 2585 1279 2632 non
1351 2564 1567 2653 magis
1637 2562 1795 2633 ferri
1866 2585 2070 2655 posse
2134 2562 2456 2634 videntur

173 2706 379 2775 quam
414 2703 589 2773 quae
627 2680 839 2753 choro
879 2682 1293 2775 praefuerint
1329 2693 1471 2753 tres
1515 2704 1653 2751 uno
1695 2683 1896 2752 oculo
1934 2698 2210 2774 unoque
2247 2681 2455 2754 dente

173 2802 413 2873 duces.
523 2801 748 2893 Atque
791 2824 1018 2895 porro,
1074 2800 1640 2893 quandoquidem
1678 2802 1880 2872 etiam
1922 2801 2103 2895 apud
2144 2800 2452 2897 Aeschy-

173 2924 310 2993 lum
381 2920 675 2992 Perseus
747 2923 896 2993 illas
964 2944 1076 2992 res
1144 2921 1382 2993 Graeis
1451 2921 1791 3013 eripuisse
1862 2932 1977 2991 aut
2042 2933 2229 2994 certe
2295 2946 2451 2994 cum

174 3042 342 3136 ipsis
387 3041 756 3112 dimicasse
801 3040 1141 3135 putandus
1188 3053 1314 3123 est,
1363 3065 1529 3111 num
1565 3041 1631 3111 id
1669 3052 1942 3112 ceterae
1982 3064 2232 3112 novem
2276 3065 2457 3135 quae

174 3159 464 3232 chorum
539 3160 896 3233 efficerent
964 3164 1407 3255 paterentur?
1534 3161 1832 3231 Minime.
1959 3160 2028 3231 ld
2100 3158 2264 3234 fieri,
2317 3185 2454 3233 non

176 3303 382 3375 posse
438 3303 688 3352 nomen
744 3280 1172 3352 demonstrat
1225 3280 1610 3361 custodum,
1669 3301 1848 3371 quae
1902 3280 2181 3372 quidem
2238 3281 2457 3353 domi-

177 3421 301 3470 nas
348 3399 727 3471 defendere
780 3411 1156 3472 conaturae
1213 3410 1467 3471 essent.
1579 3399 1753 3482 Quid
1806 3401 2060 3470 multa?
2114 3401 2181 3470 in
2235 3402 2453 3473 domi-

175 3541 300 3590 nas
333 3530 400 3588 et
431 3520 776 3591 ministras
811 3520 1245 3593 distributum
1284 3520 1841 3590 nancisceremur
1874 3518 2183 3601 chorum,
2236 3521 2455 3612 quod-

148 3662 315 3732 que
380 3639 658 3729 gravius
714 3649 851 3719 est,
930 3641 1017 3709 ita
1079 3663 1235 3710 eum
1296 3649 1365 3710 et
1425 3640 1793 3733 patientem
1856 3650 1924 3709 et
1991 3651 2310 3730 agentem
2387 3652 2457 3712 ut

172 3758 320 3830 fieri
391 3781 598 3853 posse
669 3759 734 3828 in
809 3758 1158 3849 tragoedia
1223 3761 1480 3830 Graeca
1539 3760 1821 3851 cogitari
1878 3759 1997 3828 vix
2060 3768 2303 3851 potest.
2356 3802 2454 3812 --

172 3879 364 3962 Quae
421 3900 572 3949 cum
630 3880 717 3948 ita
777 3880 944 3960 sint,
1001 3878 1087 3949 ad
1140 3879 1208 3950 id
1262 3887 1651 3972 'propensus
1707 3903 1859 3950 sum
1913 3890 1986 3949 ut
2046 3879 2328 3950 omnino
2386 3882 2452 3951 in

173 4019 454 4070 scenam
481 3999 853 4092 productas
886 4021 1045 4069 esse
1082 4021 1203 4070 eas
1246 4020 1380 4068 non
1425 3998 1725 4080 credam,
1772 3998 2191 4091 tragoediam
2225 4010 2453 4071 autem

172 4120 274 4189 sic
340 4120 487 4189 fere
552 4116 773 4189 fictam
830 4140 987 4189 esse
1049 4119 1378 4189 arbitror:
1450 4140 1657 4189 scena
1727 4130 1870 4190 erat
1928 4121 2302 4191 Graearum
2365 4120 2455 4190 ad

171 4240 564 4319 Oceanum,
632 4259 765 4329 qua
821 4238 1202 4310 secundum
1257 4236 1677 4332 Aeschylum
1734 4237 2165 4320 habitabant,
2234 4239 2454 4310 domi-

171 4358 402 4429 cilium
422 4389 439 4442 3
515 4357 600 4428 ad
656 4378 830 4449 quas
883 4359 1073 4429 venit
1129 4359 1449 4438 nuntius,
1519 4357 1842 4430 Perseum
1898 4359 2452 4453 appropinquare
