2970 5100
1310 448 1403 519 19

223 651 469 720 tienter
516 652 775 735 ferunt;
832 652 966 731 alii,
1025 663 1094 721 ut
1141 651 1387 744 Scylla,
1444 650 1822 721 adversum
1878 651 2056 722 deos.
2108 651 2503 723 saevientes

221 770 621 840 effrenatam
673 771 1038 862 quamdam
1082 771 1287 840 vitam
1331 780 1563 860 agunt,
1622 770 1939 860 quamvis
1987 792 2124 842 non
2164 769 2341 840 adeo
2369 791 2502 839 -va-

221 890 403 960 leant
458 902 528 960 ut
582 899 818 982 turpes
872 890 1325 962 contumelias
1382 888 1663 959 evitent.

428 1009 834 1080 Hominibus
904 1021 1128 1080 autem
1207 1009 1301 1077 dii
1381 1008 1623 1077 marini
1692 1030 1928 1101 parum
2001 1008 2235 1079 faciles
2307 1018 2501 1093 sunt;

219 1130 433 1199 vitant
505 1152 628 1199 eos
712 1130 939 1222 potius
1011 1150 1217 1220 quam
1292 1129 1559 1198 visunt:
1660 1128 1789 1222 ipsi
1864 1140 2024 1198 sunt
2098 1129 2370 1199 visendi
2415 1125 2500 1225 2).

220 1250 451 1341 ltaque
508 1247 695 1340 quod
750 1248 1095 1338 navigatio
1151 1248 1233 1318 iis
1301 1258 1563 1317 tantum
1625 1247 1842 1317 facilis
1908 1267 1988 1318 ac
2043 1257 2179 1317 tuta
2248 1249 2334 1317 sit
2387 1251 2504 1340 qui

220 1390 371 1438 eam
422 1367 663 1447 sciant,
722 1367 907 1459 quod
971 1368 1176 1437 maris
1223 1389 1607 1459 eorumque
1647 1387 1825 1458 quae
1866 1368 1931 1436 in
1974 1388 2057 1437 eo
2093 1364 2260 1437 fiunt
2307 1370 2503 1458 quasi

217 1488 438 1565 oratio
490 1488 572 1556 iis
617 1497 875 1556 tantum
925 1488 1039 1579 qui
1083 1508 1234 1557 eam
1279 1487 1713 1580 interpretari
1753 1488 1973 1558 sciant
2008 1487 2276 1578 absque
2317 1489 2503 1558 omni

219 1628 455 1678 errore
517 1607 733 1699 posita
804 1607 928 1688 sit,
1009 1607 1075 1676 id
1135 1606 1379 1677 Graeci
1451 1605 1913 1701 mythologice
1966 1607 2346 1677 vestientes
2411 1608 2502 1676 ita

217 1736 714 1820 expresserunt
791 1736 856 1795 ut
930 1725 1105 1798 deos
1180 1726 1480 1796 marinos
1555 1736 1694 1795 tum
1767 1725 2044 1805 demum
2122 1726 2501 1796 infallacem

218 1868 411 1917 suam
459 1867 705 1916 vocem
765 1844 1059 1939 prodere
1114 1847 1173 1918 si
1226 1847 1340 1938 qui
1391 1867 1543 1917 eam
1593 1846 1896 1938 requirat
1943 1846 2221 1947 videant
2265 1869 2343 1917 se
2382 1847 2503 1917 do-

220 1989 406 2036 mare
463 1988 668 2060 posse
726 1976 1125 2036 statuerent.

445 2085 563 2156 His
616 2086 1031 2176 generaliter
1082 2085 1579 2157 adumbrandis
1627 2085 1833 2155 etiam
1889 2105 2067 2175 quae
2121 2084 2212 2155 de
2264 2086 2504 2156 Graeis

217 2205 509 2276 dicenda
556 2216 714 2276 sunt
756 2205 1238 2298 implicuimus,
1347 2206 1519 2274 Sunt
1560 2225 1689 2276 eae
1735 2205 1906 2274 tales
1954 2215 2266 2297 potentes
2323 2215 2503 2298 post-

218 2346 440 2417 eaque
486 2325 832 2417 sepositae
879 2325 1055 2395 deae
1096 2325 1400 2395 marinae
1442 2322 1530 2418 3),
1587 2334 1654 2395 et
1694 2323 1976 2414 quidem
2011 2344 2211 2414 quae,
2269 2335 2339 2394 ut
2391 2346 2502 2418 pa-

219 2455 473 2524 rentes,
530 2444 964 2516 umbratilem
1004 2456 1209 2537 atque
1265 2446 1556 2515 otiosam
1606 2444 1811 2514 vitam
1864 2443 2119 2534 degant
2165 2465 2388 2536 neque
2435 2445 2505 2514 ni

221 2575 501 2637 coactae
574 2565 970 2657 invitaeque
1043 2563 1340 2634 officium
1411 2589 1611 2637 suum
1664 2575 2052 2658 praestent.
2159 2566 2258 2635 Eo
2318 2565 2507 2636 ducit

221 2695 362 2754 tota
419 2706 654 2753 earum
710 2686 1002 2766 familia,
1078 2707 1364 2778 prorsus
1431 2687 1540 2754 illa
1595 2685 1681 2755 ad
1746 2694 2021 2755 veteres
2080 2705 2199 2755 eas
2260 2694 2504 2775 gentes

223 2805 599 2898 pertinenS,
659 2825 744 2874 eo
792 2804 1209 2875 domicilium
1259 2802 1344 2872 ad
1392 2803 1743 2874 Oceanum
1798 2805 2129 2874 extremis
2185 2804 2505 2875 occiden-

221 2926 308 2995 tis
365 2925 533 2995 solis
587 2924 758 2994 locis
815 2924 1054 3008 situm,
1113 2944 1245 3015 qua
1302 2944 1786 3016 quaecumque
1840 2943 2085 2994 arcana
2135 2936 2213 2994 et
2263 2945 2506 2994 recon-

218 3044 357 3114 dita
413 3053 571 3114 sunt
623 3041 932 3114 habitare
982 3044 1206 3114 solent
1243 3040 1330 3135 l⁵).

423 3163 813 3256 Cycnorum
870 3184 1149 3255 quoque
1222 3184 1398 3256 quae
1451 3164 1690 3235 Graeis
1749 3164 2063 3234 tribuitur
2133 3164 2347 3234 sorm'a
2415 3163 2501 3233 ad

219 3304 464 3374 aquam
522 3304 644 3353 eas
700 3285 945 3367 refert3
1002 3306 1285 3376 cycnus,
1343 3304 1565 3373 aquae
1619 3283 1768 3353 avis
1823 3283 2079 3364 incola,
2136 3284 2503 3376 praecipue

222 3404 286 3471 in
361 3402 763 3496 Aegyptiaci
832 3403 946 3494 qui
1015 3402 1263 3473 dicitur
1330 3403 1462 3472 stili
1535 3404 1723 3473 vasis
1795 3424 2003 3497 saqie
2086 3403 2503 3472 marinorum

218 3522 506 3592 deorum
555 3544 790 3594 comes
833 3522 1177 3593 invenitur
1215 3519 1303 3620 5),
1361 3522 1612 3593 Veneri
1658 3532 1998 3615 quatenus
2049 3544 2129 3593 ea
2178 3521 2265 3592 ad
2318 3543 2503 3591 mare

222 3642 517 3736 pertinet
568 3664 765 3714 sacer
818 3654 923 3714 est
964 3641 1070 3738 ⁶),
1151 3654 1356 3736 atque
1410 3643 1717 3732 virgines
1785 3643 2021 3736 cycni,
2096 3663 2276 3732 quae
2343 3665 2503 3713 cum

219 3761 524 3831 omnium
597 3764 999 3858 populorum
1075 3762 1324 3833 fabulis
1395 3773 1627 3843 notae,
1706 3772 1847 3832 tum
1916 3761 2503 3851 Niebelungorum

220 3880 526 3954 carmine
614 3882 699 3952 ad
789 3894 1064 3953 nostrae
1157 3883 1487 3953 scientiae
1560 3881 2129 3952 consuetudinem
2223 3893 2506 3951 vocatae

222 4011 382 4073 sunt
420 4000 505 4095 7),
560 4025 715 4072 cum
771 4024 1146 4097 cycnorum
1201 4000 1440 4093 figura,
1499 4024 1873 4095 cycnorum
1932 4000 2299 4081 subucula,
2356 4001 2505 4071 aliis

220 4144 601 4217 cycnorum
673 4123 1017 4193 attributis
1085 4133 1152 4193 et
1209 4122 1396 4216 ipsae
1455 4132 1614 4192 sunt
1668 4120 2152 4212 agnoscendae
2205 4121 2507 4190 marinae

218 4243 396 4314 deae
435 4241 520 4337 8).
628 4244 738 4314 Sic
786 4244 987 4333 igitur
1024 4244 1286 4313 Graeae
1323 4263 1601 4333 quoque
1643 4264 2016 4336 cycnorum
2061 4242 2276 4310 forma
2315 4260 2506 4333 prae-

221 4365 405 4435 ditae
461 4364 634 4434 deae
700 4377 858 4432 sunt
909 4362 1248 4443 marinae,
1318 4383 1607 4452 quarum
1664 4362 1979 4456 personis
2036 4371 2504 4454 repraesente-

1983 4492 2050 4548 2·
