2970 5100
1321 468 1366 539 3

198 674 431 768 incipit
484 693 616 765 qua
664 670 1016 765 Phorcyos
1075 671 1340 765 prolem
1399 673 1684 757 lustrat3
1741 672 1950 746 habet
2000 674 2090 746 de
2145 675 2229 746 iis
2280 672 2487 745 haec:

199 791 539 886 „Phorcyi
602 814 774 862 vero
840 791 1005 862 Ceto
1074 793 1342 884 peperit
1395 792 1693 873 Graeas,
1769 791 2074 886 pulchris
2121 794 2319 885 genis
2371 792 2490 863 ad-

198 923 495 992 ornatas,
551 911 715 982 inde
770 934 806 979 a
864 920 1056 1004 partu
1103 934 1342 998 senes3
1398 913 1656 983 Graeas
1700 933 1872 1003 quas
1917 936 2085 984 vere
2137 913 2491 983 nominant

199 1044 267 1102 et
320 1032 415 1103 dii
448 1031 877 1101 immortales
921 1039 989 1100 et
1033 1028 1355 1102 homines
1405 1030 1593 1100 humi
1644 1030 2073 1113 incedentes,
2129 1030 2490 1125 Pepbredo

201 1152 380 1222 bene
435 1151 752 1221 vestitam
809 1159 874 1219 et
925 1149 1125 1243 Enyo
1182 1172 1390 1222 croco
1446 1152 1796 1222 velatam“
1841 1149 1901 1245 1)
1921 1183 1938 1237 ;
2007 1151 2157 1233 hic,
2216 1152 2332 1242 qui
2386 1153 2490 1219 fu-

199 1271 344 1340 sius
411 1290 648 1339 earum
725 1270 791 1338 in
863 1268 1321 1340 Phorcidibus
1388 1270 1745 1361 tragoedia
1819 1273 2239 1342 mentionem
2306 1271 2488 1350 fecit,

199 1390 378 1459 inter
452 1410 532 1458 ea
615 1399 926 1483 portenta
999 1408 1118 1458 eas
1192 1389 1489 1482 appellat
1562 1411 1742 1481 quae
1821 1391 1964 1461 Ioni
2036 1388 2489 1460 Prometheus

199 1520 546 1601 nuncupat
597 1509 663 1576 in
720 1508 1073 1579 erroribus
1127 1509 1548 1599 attingenda,
1604 1507 1777 1580 haec
1816 1510 1905 1581 de
1965 1511 2043 1582 iis
2095 1511 2487 1604 proferens:

203 1649 383 1719 „qua
439 1626 815 1698 Phorcides
872 1625 1211 1707 habitant,
1271 1638 1548 1698 veteres
1605 1629 1945 1719 virgines,
2004 1641 2182 1710 tres,
2238 1649 2491 1723 cycno-

203 1768 352 1815 rum
419 1747 674 1827 forma,
756 1769 893 1816 uno
958 1745 1157 1815 oculo
1228 1768 1508 1838 unoque
1576 1748 1785 1818 dente
1852 1749 2239 1842 praeditae,
2318 1768 2491 1839 quas

201 1887 428 1956 neque
505 1867 605 1935 sol
684 1865 893 1936 radiis
962 1865 1107 1937 suis
1177 1864 1335 1935 visit
1413 1888 1644 1959 neque
1713 1879 2047 1939 nocturna
2114 1870 2270 1938 luna
2347 1889 2492 1936 um-

201 2008 407 2077 quam
448 1981 586 2080 2).“

404 2108 638 2198 Itaque
694 2103 1103 2197 quam-fieri
1159 2119 1386 2202 potest
1442 2108 1743 2178 maxime
1793 2107 1967 2178 haec
2021 2107 2200 2176 inter
2264 2126 2342 2175 se
2390 2104 2523 2175 di-

203 2236 556 2319 screpant:
613 2226 750 2295 illic
802 2226 982 2297 duae
1038 2250 1362 2309 sororeS,
1416 2226 1529 2298 hic
1586 2239 1762 2308 treS,
1825 2228 1960 2297 illic
2014 2223 2229 2315 figura
2292 2225 2491 2317 plane

202 2343 522 2424 humana,
581 2344 884 2438 pulchris
928 2349 1243 2421 vestibus
1303 2348 1563 2428 induta,
1613 2349 1751 2418 illic
1803 2347 2072 2441 puellae
2122 2346 2489 2423 formosae,

203 2463 314 2534 hic
370 2474 676 2558 portenta
738 2468 1078 2557 quaedam
1135 2492 1273 2540 uno
1326 2468 1566 2547 oculo,
1640 2489 1780 2537 uno
1838 2466 2081 2545 dente,
2141 2487 2295 2535 cum
2349 2474 2491 2536 tres

205 2585 342 2655 sint
399 2606 776 2678 personae3
853 2587 987 2657 illic
1043 2591 1417 2661 Graearum
1476 2609 1733 2658 nomen
1802 2608 1956 2655 cum
2023 2585 2092 2654 vi
2148 2585 2487 2664 iteratum,

203 2701 317 2773 hic
379 2704 639 2773 nullum
709 2705 859 2776 eius
924 2710 1335 2800 vestigium,
1411 2707 1538 2778 sed
1603 2704 1892 2774 filiarum
1948 2702 2300 2797 Phorcyos
2368 2726 2490 2773 seu

204 2820 616 2892 Phorcidum
663 2821 844 2894 haud
894 2825 1264 2898 admodum
1315 2827 1546 2918 gravis
1595 2824 1978 2908 denotatio;
2033 2824 2154 2892 vix
2190 2822 2492 2915 denique

206 2942 384 3011 ullus
450 2940 722 3035 mythus
794 2947 1010 3035 magis
1077 2946 1369 3018 idoneus
1426 2946 1513 3015 sit
1565 2944 1651 3014 ad
1712 2964 2025 3033 magnam
2082 2964 2261 3034 quae
2316 2943 2494 3012 inter

204 3061 563 3151 utriusque
633 3072 876 3155 poetae
943 3064 1116 3135 deos
1193 3064 1560 3135 intercedit
1625 3062 2082 3133 differentiam
2151 3063 2493 3131 illustran-

204 3180 387 3250 dam.
496 3178 763 3274 Quippe
831 3182 888 3252 is
957 3184 1071 3274 qui
1140 3182 1583 3275 theogoniam
1656 3182 1968 3275 scripsit,
2045 3204 2200 3252 cum
2270 3171 2492 3250 aetate

204 3301 479 3368 viveret
524 3298 812 3370 deorum
867 3302 1197 3392 religione
1256 3304 1528 3397 penitus
1583 3300 1882 3382 imbuta,
1941 3300 2011 3371 id
2068 3301 2491 3394 propositum

206 3418 505 3489 habebat
567 3427 637 3486 ut
682 3418 888 3490 docto
937 3422 1242 3493 carmine
1298 3422 1609 3513 singulos
1669 3421 1843 3491 deos
1889 3420 2293 3511 aequalibus
2348 3418 2492 3489 suis

205 3540 294 3609 ad
339 3549 593 3609 certam
633 3538 978 3628 quandam
1027 3542 1359 3612 rationem
1416 3540 1765 3629 redigeret
1817 3550 2025 3631 atque
2083 3541 2146 3609 in
2204 3549 2492 3610 stemma

206 3657 746 3752 comprehensos
797 3658 1180 3752 ordineque
1230 3660 1655 3754 compositos
1712 3659 1795 3729 iis
1850 3660 1966 3750 qui
2022 3659 2131 3751 pie
2178 3658 2330 3727 illos
2378 3678 2493 3727 co-

207 3780 429 3848 lerent
512 3777 790 3858 offeret,
886 3780 1134 3850 virium
1213 3802 1293 3850 ac
1365 3782 1795 3850 fortunarum
1876 3778 2089 3868 magis
2163 3778 2493 3847 varietate

207 3918 414 3989 quam
469 3895 867 3969 diversitate
924 3900 1314 3992 specierum
1372 3899 1821 3989 indolumque
1884 3907 1950 3967 et
2015 3896 2492 3965 attributorum

208 4039 385 4109 quae
454 4016 747 4086 dicimus
821 4020 1016 4111 copia
1088 4019 1517 4109 singulorum
1591 4015 2035 4087 discernendi
2105 4014 2492 4099 studiosus;

208 4147 444 4207 contra
496 4135 916 4229 Aeschylus,
990 4161 1145 4207 cnm
1208 4138 1352 4232 ipse
1408 4147 1594 4208 esset
1649 4136 1937 4206 deorum
1993 4117 2493 4225 cultor,⁴quo-

210 4257 391 4325 niam
436 4254 896 4350 perturbatam
940 4257 1071 4325 iam
1122 4267 1329 4347 atque
1374 4256 1718 4325 labentem
1765 4266 1903 4323 tum
1954 4255 2282 4347 temporis
2327 4253 2495 4323 deo-

210 4398 357 4445 rum
402 4375 794 4468 opinionem
848 4376 1290 4466 intelligebat,
1350 4373 1418 4444 id
1457 4395 1669 4465 agens
1727 4386 1796 4443 ut
1851 4394 1970 4443 sua
2030 4374 2279 4466 pietate
2327 4382 2495 4441 tam-

1976 4503 2038 4559 1..
