2970 5100
1609 430 1655 505 ll

492 652 702 730 quam
755 634 1096 709 medicina
1149 634 1542 726 aequalium
1588 634 2225 731 animosflerigeret,
2281 633 2527 727 priscis
2582 634 2780 709 fabu-

496 758 597 829 lis
642 756 962 846 religiose
1017 754 1383 829 servandis
1441 765 1510 824 et
1579 754 1964 825 referendis
2027 775 2147 823 eas
2221 752 2584 846 opiniones
2652 777 2778 824 no-

495 877 859 966 tionesque
923 894 1096 964 quas
1165 873 1456 945 deorum
1523 894 1803 943 suorum
1871 874 2268 943 numinibus
2333 873 2578 944 Graeci
2649 896 2779 944 ex-

493 1015 770 1089 pressas
838 991 1184 1062 habebant
1265 993 1469 1063 etiam
1544 993 1979 1066 extrinsecus
2068 993 2299 1086 specie
2384 991 2782 1083 adaequare

493 1115 785 1204 illosque
844 1112 1043 1203 quasi
1098 1113 1606 1204 praesentiores
1660 1132 1892 1181 coram
1946 1112 2158 1181 animi
2213 1112 2430 1183 oculis
2482 1112 2782 1187 colloca-

493 1243 599 1307 tos
653 1232 721 1300 in
778 1232 963 1324 ipsas
1018 1240 1287 1303 mentes
1342 1232 1671 1301 inducere
1740 1230 2094 1312 studebat,
2174 1251 2307 1322 qua
2361 1229 2641 1321 quidem
2701 1254 2782 1302 re

492 1360 774 1425 coactus
812 1370 898 1429 eo
955 1350 1182 1420 minus
1228 1349 1317 1419 ab
1366 1350 1449 1421 iis
1505 1370 1683 1441 quae
1732 1349 1831 1420 rei
1878 1350 2197 1421 scenicae
2246 1350 2507 1420 ratione
2551 1350 2782 1441 requi-

493 1471 818 1543 rebantur
872 1467 1226 1540 vindicare
1278 1490 1355 1541 se
1416 1469 1652 1562 potuit.
1763 1469 2020 1559 Itaque,
2075 1479 2148 1539 ut
2187 1469 2544 1563 Harpyias,
2594 1469 2780 1562 apud

491 1588 868 1663 Hesiodum
907 1583 970 1680 3)
1023 1589 1306 1665 veloces
1362 1587 1645 1659 easdem
1702 1608 1783 1658 ac
1837 1589 2217 1668 formosas,
2291 1589 2510 1681 turpia
2566 1609 2783 1680 quae-

489 1709 649 1779 dam
706 1709 1117 1779 seminarum
1172 1708 1503 1779 alatarum
1562 1716 1866 1779 monstra
1905 1703 1971 1803 ²¹)
2029 1708 2219 1788 facit,
2287 1708 2390 1779 sic
2444 1708 2782 1798 Gorgoni-

490 1827 658 1908 bus,
731 1848 909 1918 quae
977 1827 1265 1899 eaedem
1335 1828 1519 1920 apud
1583 1824 1960 1900 Hesiodum
2018 1828 2105 1897 ita
2161 1826 2346 1897 omni
2400 1826 2782 1901 atrocitatis

492 1946 975 2038 foeditatisque
1029 1946 1495 2017 additamento
1534 1943 1595 2036 5)
1651 1956 1887 2017 carent
1932 1956 2004 2015 ut
2059 1945 2344 2015 Medusa
2403 1946 2515 2016 vel
2569 1945 2781 2035 digna

489 2066 577 2136 sit
628 2087 807 2157 quae
860 2066 1154 2158 Neptuni
1209 2086 1445 2136 amore
1498 2068 1759 2136 fruatur
1797 2061 1883 2157 ⁶),
1938 2066 2143 2136 utitur
2179 2075 2249 2136 et
2294 2065 2380 2135 ad
2418 2064 2781 2134 Furiarum

489 2184 885 2259 foeditatem
941 2206 1032 2253 ex
1088 2185 1219 2255 illis
1277 2185 1747 2256 illustrandam
1787 2182 1845 2279 ⁷)
1900 2195 1968 2255 et
2019 2184 2108 2255 ad
2165 2185 2468 2277 pericula·
2511 2184 2780 2253 itineris

487 2305 577 2377 ab
612 2305 776 2374 Ione
813 2302 1091 2377 ineundi
1136 2303 1504 2397 pingenda,
1567 2304 1635 2373 in
1692 2328 1832 2397 quo
1881 2306 2054 2377 istae
2089 2304 2292 2375 etiam
2337 2302 2646 2377 habitent
2684 2300 2778 2394 8),

490 2433 803 2517 portenta
858 2422 1095 2512 generi
1152 2420 1449 2492 humano
1505 2423 1750 2506 invisa,
1807 2425 2241 2503 sibilantibus
2299 2445 2390 2494 ex
2446 2425 2597 2517 ipso
2652 2447 2780 2496 ore

491 2543 953 2639 serpentibus.
1061 2540 1525 2624 Quamobrem
1573 2540 1723 2614 fieri
1767 2544 1914 2617 iure
1969 2565 2105 2622 non
2161 2565 2368 2637 posse
2424 2543 2604 2615 illico
2658 2565 2782 2638 ap-

489 2677 682 2758 paret
734 2674 810 2735 ut
861 2683 943 2743 ea
997 2682 1177 2753 quae
1234 2662 1326 2731 illi
1389 2662 1763 2755 scriptores
1819 2687 1896 2734 re
1951 2684 2115 2736 vera
2171 2661 2622 2734 vehementer
2675 2665 2782 2734 in-

489 2794 594 2856 ter
657 2806 736 2855 se
804 2781 1267 2875 discrepantia
1338 2779 1640 2851 indicant
1697 2782 2042 2854 mutandis
2097 2781 2411 2854 codicum
2469 2783 2782 2856 lectioni-

486 2902 620 2976 bus
688 2902 758 2971 in
822 2922 1243 2978 consensum
1301 2913 1708 2990 urgeantur,
1783 2901 1852 2971 id
1917 2902 2102 2994 quod
2171 2904 2237 2970 in
2309 2902 2475 2993 ipsis
2534 2902 2782 2974 Graeis

488 3021 640 3113 plus
695 3020 911 3092 semel
967 3030 1298 3092 tentatum
1353 3029 1480 3089 est.
1590 3019 1855 3113 Quippe
1910 3022 1979 3091 in
2035 3021 2302 3114 primiS,
2379 3042 2535 3090 cum
2590 3022 2779 3114 apud

485 3137 909 3233 Aeschylum
962 3139 1182 3208 forma
1234 3137 1372 3208 sint
1425 3139 1707 3209 minime
1760 3139 2084 3210 videlicet
2148 3151 2483 3220 venusta,
2565 3163 2781 3230 gena-

486 3281 638 3334 rum
695 3255 1221 3351 pulchritudinis
1276 3257 1573 3337 laudem,
1623 3279 1829 3349 quam
1883 3260 1966 3331 iis
2019 3257 2353 3351 impendit
2401 3259 2776 3341 Hesiodum

485 3378 869 3456 detrectare
925 3387 1084 3447 sunt
1133 3377 1252 3467 qui
1305 3378 1532 3447 conati
1586 3381 1720 3451 sint
1758 3374 1861 3470 9)·;
1914 3399 2117 3469 quam
2166 3379 2565 3470 praesertim
2617 3401 2777 3450 cum

484 3496 903 3570 arbitrentur
950 3484 1240 3566 crinium
1292 3496 1569 3567 canitiei
1626 3518 2047 3592 repugnare,
2117 3497 2206 3567 ab
2260 3496 2509 3566 eodem
2571 3510 2780 3590 poeta

487 3617 573 3688 iis
626 3614 956 3698 tributa-Q
1025 3614 1215 3704 atqui
1271 3615 1433 3696 ista,
1501 3614 1879 3688 dummodo
1934 3638 2021 3685 ne
2076 3616 2176 3692 sit
2212 3616 2454 3686 aetatis
2510 3617 2780 3698 senilis,

486 3732 1050 3827 quandoquidem
1109 3734 1269 3805 inde
1316 3752 1353 3803 a
1411 3745 1606 3827 partu
1658 3736 1929 3829 propria
1983 3745 2088 3804 est
2143 3734 2406 3803 illarum
2464 3744 2781 3817 naturae,

488 3854 675 3934 nullo
732 3852 940 3923 modo
995 3850 1288 3922 efficitur
1350 3874 1566 3943 genas
1636 3855 1919 3924 iuvenili
1973 3854 2207 3923 colore
2261 3863 2330 3922 et
2385 3854 2784 3942 integritate

487 3993 607 4044 eas
658 3969 913 4042 habere
966 3992 1103 4041 non
1160 3992 1386 4063 posse.
1508 3971 1676 4054 Quis
1734 3974 1797 4041 in
1855 3994 2006 4042 eam
2064 3972 2461 4064 opinionem
2515 3972 2785 4045 incide-

491 4103 596 4162 ret
646 4091 1032 4162 Galatarum
1095 4090 1372 4169 liberos‚
1429 4091 1705 4181 quibus,
1758 4102 1835 4160 ut
1882 4102 2112 4161 narrat
2153 4090 2497 4162 Diodorus
2523 4090 2670 4180 1⁰),
2707 4095 2781 4165 in

489 4220 682 4303 partu
737 4222 806 4278 et
858 4219 1086 4290 aetate
1130 4210 1367 4300 puerili
1423 4210 1575 4278 cani
1632 4210 1853 4303 capilli
1906 4231 2063 4281 esse
2110 4211 2433 4290 solerent,
2494 4223 2787 4305 propter

490 4349 641 4399 eam
694 4329 914 4421 ipsam
973 4350 1115 4397 rem
1171 4328 1375 4397 etiam
1433 4340 1670 4420 turpes
1716 4349 1798 4400 ac
1834 4328 2168 4404 senilibus
2209 4330 2352 4401 oris
2395 4331 2787 4406 lineamen-
