2970 5100
1570 419 1664 488 20

479 637 585 695 tur
656 647 842 696 mare
915 624 1117 716 quale
1184 624 1359 693 solet
1426 646 1586 695 esse
1641 622 1835 693 hilari
1895 625 2115 703 coelo,
2193 646 2328 692 non
2383 625 2586 714 quale
2646 636 2756 695 est

475 746 639 816 dum
711 753 1188 815 commovetur
1259 744 1607 836 procellis,
1685 764 2097 834 quamquam
2162 742 2247 813 ad
2327 740 2458 813 hoc
2523 746 2753 815 facere

476 876 634 935 sunt
672 865 788 955 qui
828 863 1247 953 singularum
1295 862 1595 942 nomina,
1653 861 2035 956 Pephredo‚
2094 863 2312 955 Enyo,
2373 864 2589 934 Deino
2642 865 2756 935 vel

478 985 661 1055 laino
714 982 1018 1054 arbitrati
1074 982 1257 1052 sint,-

680 1104 778 1172 Ac
830 1102 919 1173 de
966 1100 1366 1185 ¹nominibus
1415 1098 1520 1169 his
1563 1100 2001 1190 singulariter
2046 1111 2114 1169 et
2155 1101 2365 1170 dubie
2406 1098 2609 1171 habet
2650 1098 2753 1193 9);

475 1243 629 1290 cum
685 1222 817 1291 iam
870 1220 1051 1315 apud
1107 1219 1425 1310 antiquos
1478 1218 1569 1288 de
1618 1219 2030 1290 lectionibus
2071 1220 2357 1289 'minime
2405 1231 2756 1292 constaret

475 1362 701 1431 neque
756 1341 952 1411 facile
1008 1340 1224 1409 maior
1276 1338 1628 1408 nominum
1684 1339 2103 1432 perturbatio
2152 1340 2331 1432 apud
2379 1342 2755 1433 scriptores

473 1457 1032 1552 deprehendatur
1090 1479 1296 1550 quam
1350 1456 1598 1528 horum
1631 1455 1749 1549 1⁰).
1795 1438 1798 1439 ⁷
1861 1461 2091 1550 ltaque
2150 1481 2274 1528 seu
2328 1463 2668 1553 Πεφρηὸώ
2711 1482 2756 1530 a

476 1579 695 1649 verbo
744 1578 932 1670 quod
982 1589 1090 1649 est
1141 1575 1374 1673 φράζω
1427 1577 1830 1649 derivantes
1886 1578 2514 1672 pronuntiat-ricem,
2567 1581 2756 1650 locu-

477 1698 711 1768 tricem
760 1698 1311 1791 interpretemur,
1373 1708 1490 1767 aut
1542 1698 1631 1769 de
1687 1721 1771 1770 eo
1833 1697 2018 1790 quod
2076 1697 2162 1767 sit
2208 1710 2404 1769 vates
2449 1700 2758 1790 cogitan-

476 1828 577 1887 tes
624 1829 741 1886 aut
786 1839 945 1887 cum
988 1817 1143 1887 luce
1192 1827 1259 1886 et
1306 1837 1554 1887 aurora
1597 1819 2034 1888 coniunctam
2077 1817 2431 1897 facientes,
2490 1841 2617 1889 seu
2661 1818 2756 1888 ad

475 1935 543 2006 id
597 1937 784 2027 quod
833 1947 940 2007 est
990 1947 1252 2034 ,φρίσσω
1297 1947 1690 2029 spectamus
1748 1938 1987 2030 sicque
2042 1946 2112 2007 et
2156 1936 2283 2029 ipsi
2336 1959 2586 2009 nomen
2638 1939 2758 2008 tri-

473 2055 765 2126 buamus
839 2077 1061 2148 aeque
1136 2055 1569 2127 tremendum
1646 2066 1854 2148 atque
1926 2056 2320 2135 sororibus,
2396 2060 2456 2126 e'
2501 2058 2757 2148 quibus

465 2173 672 2246 Ἐνυώ
723 2176 907 2247 valet
936 2176 1311 2256 Bellonam,
1369 2174 1571 2247 Δεινώ
1609 2176 2033 2258 Terribilem,
2093 2176 2179 2245 ita
2231 2186 2299 2245 ut
2345 2198 2480 2246 non
2526 2178 2756 2247 solum

471 2294 560 2365 de
612 2295 821 2365 maris
878 2293 1279 2374 terroribus,
1328 2295 1716 2367 custodiae
1746 2318 2056 2376 munere,
2115 2296 2547 2389 pugnacitate
2594 2320 2755 2367 cum

472 2436 557 2484 eo
588 2415 974 2497 coniuncta,
1014 2436 1257 2484 verum
1299 2414 1505 2485 etiam
1542 2414 1630 2485 de
1674 2414 1965 2486 horrore
2010 2414 2514 2507 formidineque
2542 2438 2757 2508 quam

470 2534 702 2604 omnia
755 2555 1005 2606 arcana
1059 2544 1123 2605 et
1179 2532 1476 2607 obscura
1525 2534 1772 2606 animis
1820 2535 2149 2606 incutiant
2191 2535 2598 2626 cogitemus,
2656 2549 2759 2607 ta-

471 2675 629 2724 men
683 2654 979 2726 libenter
1033 2655 1400 2726 fatebimur
1471 2677 1709 2748 parum
1767 2654 1891 2726 has
1947 2656 2544 2749 interpretationes
2598 2680 2755 2728 cer-

472 2785 580 2844 tae
629 2774 961 2845 scientiae
1003 2774 1310 2868 cupidini
1363 2772 1683 2845 sufficere
1736 2775 2151 2866 nominaque
2208 2798 2344 2845 non
2390 2777 2603 2866 magis
2663 2778 2760 2849 de

468 2893 842 2964 Graearum
898 2903 1138 2963 natura
1191 2895 1416 2964 lucem
1469 2892 1859 2966 diffundere
1915 2918 2121 2989 posse
2173 2916 2376 2986 quam
2432 2895 2522 2965 de
2579 2898 2758 2967 Gor·

471 3011 769 3103 gonibus
824 3012 1183 3084 sororibus
1243 3012 1596 3093 Medusae,
1665 3013 1982 3096 Sthenus,
2050 3015 2392 3108 Euryalae
2450 3018 2756 3087 nomina.

698 3131 946 3201 Contra
1001 3141 1400 3202 cunctarum
1459 3134 1739 3205 nomine
1791 3135 1977 3226 quod
2032 3145 2140 3205 est
2176 3141 2468 3225 Γραῖαι,.
2501 3135 2759 3220 Canae,

471 3271 557 3322 eo
610 3249 997 3321 distinctius
1049 3250 1137 3321 ad
1194 3272 1382 3322 mare
1434 3252 1916 3344 designamur,
1967 3262 2185 3348 Γραῖα
2210 3252 2303 3347 ¹¹)
2360 3267 2650 3325 vocatur
2689 3258 2758 3328 id

471 3391 512 3438 e
545 3370 799 3451 colore,
847 3371 1180 3461 quemn-ad
1216 3371 1496 3442 modum
1525 3372 1582 3443 si
1611 3373 1763 3443 eius
1798 3373 2080 3455 candor,
2137 3376 2431 3455 claritaS,
2490 3380 2763 3471 perspi-

470 3490 687 3559 cuitas
732 3491 948 3580 magis
989 3491 1352 3583 respicitur
1390 3493 1593 3561 etiam
1638 3494 2017 3586 appellatur
2050 3495 2319 3580 Γλαύκη
2350 3491 2477 3589 ¹²);
2532 3517 2570 3564 a
2610 3519 2762 3588 quo

472 3609 749 3678 nomine
820 3609 1023 3678 maris
1093 3620 1163 3679 ut
1236 3611 1510 3680 nomina
1581 3632 1759 3703 quae
1824 3624 1980 3683 sunt
2051 3615 2345 3695 Glauce,
2424 3615 2760 3699 Glaucus,

471 3726 925 3808 Glaucothoe,
982 3729 1448 3801 Glauconome
1505 3731 1996 3822 insigniuntur,
2071 3733 2173 3803 sic
2228 3757 2319 3803 ex
2376 3735 2484 3803 illa
2541 3738 2762 3807 maris

471 3844 969 3936 significatione
1046 3846 1497 3921 Phorcidibus
1572 3873 1820 3920 nomen
1889 3863 1994 3922 est
2064 3859 2374 3946 Γραιάις,
2458 3854 2762 3926 senibus

474 3965 776 4036 marinis.
905 3967 1201 4037 Crinium
1278 3981 1506 4040 autem
1582 3970 1867 4042 canities
1940 3970 2226 4041 deorum
2301 3975 2762 4056 marinorum,

469 4106 646 4186 quae
705 4107 921 4179 paene
975 4089 1297 4159 omnibus
1354 4089 1624 4184 propria
1680 4103 1806 4170 est,
1864 4112 1903 4159 e
1950 4112 2236 4184 spumae
2281 4094 2626 4164 undarum
2658 4093 2765 4190 13)

470 4215 614 4274 orta
674 4217 779 4275 est,
830 4217 1150 4300 aspectu,
1229 4209 1347 4300 qui
1403 4208 1584 4279 idem
1654 4210 1739 4280 ad
1794 4210 1947 4279 alba
2002 4209 2321 4303 fingenda
2370 4216 2764 4289 Nereidum

470 4346 757 4416 corpora
828 4325 1159 4420 albasque
1225 4329 1384 4418 equi
1451 4329 1691 4398 marini
1742 4330 1939 4400 iubas
2001 4342 2131 4402 etc.
2199 4333 2323 4402 fuit
2390 4334 2453 4402 in
2512 4356 2762 4408 causa.
