2970 5100
1600 432 1692 504 32

506 662 687 707 mum
748 638 945 731 plane
1000 637 1435 727 indiligenter
1485 657 1525 705 a
1581 638 2027 729 Campanario
2071 633 2152 721 ¹),
2208 656 2246 703 a
2284 656 2422 725 quo
2468 645 2794 726 repertus

503 769 639 837 est,
697 770 834 827 tum
895 756 1239 848 praeclara
1293 754 1521 846 effigie
1573 777 1609 824 a
1666 757 1896 825 Duce
1951 756 2049 824 de
2103 757 2439 847 Luynes
2479 751 2567 847 2).

732 877 1177 969 Praecipuum
1235 876 1384 945 eius
1438 877 1719 968 copiose
1775 874 2073 944 distincti
2130 874 2353 952 vasis,
2409 875 2605 943 cuius
2663 895 2795 963 ge—

504 998 689 1068 neris
749 1007 1016 1090 praeter
1082 993 1212 1064 hoc
1277 995 1600 1065 nonnulla
1669 993 2088 1086 exemplaria
2149 994 2515 1086 persimilia
2575 992 2794 1062 habe-

506 1139 692 1196 mus,
747 1139 786 1184 e
842 1137 968 1185 sex
1023 1114 1334 1185 consistit
1388 1114 1804 1204 imaginibus
1854 1105 2198 1193 caelatis‚'
2235 1113 2795 1204 quae-continue

504 1258 637 1305 una
692 1235 913 1305 trium
952 1253 1396 1328 personarum
1453 1236 1736 1304 alteram
1785 1231 2075 1302 duarum
2123 1233 2513 1324 excipiente
2553 1233 2621 1301 in
2670 1256 2794 1301 su-

508 1377 736 1450 peram
802 1355 1003 1423 trium
1076 1354 1326 1446 pedum
1398 1364 1655 1444 partem
1731 1362 2234 1442 convergentes
2303 1373 2425 1444 pro
2490 1363 2795 1422 externo

505 1477 809 1547 cortinae
863 1482 1273 1544 ornamento
1320 1483 1538 1542 erant.

708 1595 825 1664 His
872 1594 1054 1661 Dux
1105 1591 1207 1662 de
1250 1593 1589 1685 Luynes
1632 1592 1943 1662 celebres
1985 1589 2236 1661 heroas
2276 1592 2576 1660 Graecos
2620 1612 2793 1660 con-

506 1714 758 1786 secrari
816 1713 1171 1802 cognovit,
1239 1733 1465 1804 neque
1517 1711 1806 1781 dubium
1863 1723 1969 1781 est
2022 1712 2186 1802 quin
2243 1710 2465 1780 simile
2524 1709 2792 1800 aliquid

504 1834 614 1904 bic
668 1832 895 1903 fictum
950 1854 1109 1902 esse
1163 1829 1598 1901 statuendum
1652 1831 1759 1901 sit.
1879 1830 1999 1900 Hic
2054 1830 2250 1923 copia
2311 1851 2446 1899 non
2501 1829 2657 1898 data
2716 1830 2792 1896 in

505 1953 999 2025 accuratiorem
1058 1950 1260 2021 huius
1317 1950 1518 2020 valde
1575 1950 2037 2020 memorabilis
2093 1949 2324 2042 operis
2379 1948 2790 2042 interpreta-

508 2075 763 2143 tionem
791 2070 1222 2163 exspatiandi
1264 2069 1395 2139 hoc
1433 2068 1618 2139 addo
1660 2069 2058 2139 coniunctas
2114 2069 2181 2137 in
2236 2070 2447 2139 ternis
2507 2069 2794 2138 minori-

507 2194 637 2263 bus
690 2189 1103 2281 imaginibus
1156 2191 1331 2259 inter
1379 2212 1456 2260 se
1507 2210 1839 2281 personas
1875 2188 2254 2258 Minervam
2290 2200 2360 2257 et
2394 2189 2789 2269 Herculem,

506 2314 882 2382 Minervam
952 2322 1027 2380 et·
1088 2310 1453 2388 Perseum,
1537 2309 1909 2379 Dioscuros
1966 2306 2128 2377 mihi
2188 2329 2298 2377 me
2355 2329 2792 2397 cognoscere

509 2454 712 2526 posse
768 2429 1013 2508 videri,-
1068 2428 1230 2499 dum
1280 2429 1357 2498 in·
1399 2427 1682 2519 reliquis
1737 2427 2112 2498 maioribus
2166 2427 2455 2519 insignia
2515 2428 2794 2497 illorum

507 2552 794 2622 heroum
843 2550 1016 2621 sacta
1075 2548 1388 2619 invenire
1444 2548 1815 2628 voluerim,
1874 2569 2099 2639 eoque
2153 2547 2369 2637 magis
2426 2569 2581 2617 meo
2636 2548 2794 2617 iure

504 2672 688 2764 quod
754 2672 997 2741 etiam
1016 2670 1097 2739 in
1174 2668 1392 2739 tribus
1468 2669 1932 2738 monumentis
2001 2667 2396 2794 simillimis
2419 2668 2790 2748 ¹·HelculeS,

506 2792 832 2869 Perseus,
872 2789 1194 2859 Minerva
1250 2786 1385 2860 ficti
1437 2800 1596 2860 sunt
1632 2784 1718 2880 3).

713 2912 783 2978 ln
847 2909 1100 2979 nostris
1154 2908 1678 2999 quaestionibus
1732 2927 1866 2976 una
1930 2917 2188 2975 tantum
2244 2905 2333 2976 de
2390 2907 2519 2976 illis
2576 2908 2796 2978 maio-

507 3028 696 3098 ribus
735 3027 1144 3118 imaginibus
1185 3027 1614 3120 respicienda
1654 3037 1781 3107 est,
1831 3047 2010 3116 quae
2045 3036 2429 3118 quarta-est
2465 3028 2796 3118 insignita

503 3146 685 3241 apud
740 3147 1057 3217 Ducem
1109 3147 1206 3218 de
1263 3148 1599 3240 Luynes
1635 3145 1828 3235 (Tab.
1853 3146 1928 3214 ll.
1965 3147 2158 3232 n.1.)
2195 3142 2281 3238 ²⁵).
2382 3147 2567 3216 Artis
2608 3150 2793 3218 ratio

505 3269 708 3362 plane
755 3268 820 3336 ei
867 3267 1108 3337 similis
1160 3277 1267 3337 est
1317 3267 1540 3357 qualis
1593 3267 1662 3335 in
1721 3266 2220 3357 antiquissimis
2276 3268 2568 3360 metopis
2617 3268 2798 3337 Seli-

507 3387 758 3458 nuntiis
804 3387 1135 3466 occurrit,
1195 3386 1559 3480 praecipue
1615 3388 1681 3456 in
1739 3408 1824 3456 eo
1880 3384 2065 3477 quod
2123 3385 2477 3456 Medusam
2533 3408 2571 3454 a
2627 3387 2798 3457 Per-

398 3564 404 3567 .
506 3528 629 3577 seo
680 3507 992 3577 interemi
1044 3500 1363 3577 ostendit.
1473 3506 1664 3576 Idem
1710 3516 2036 3576 constans
2083 3516 2597 3596 consuetusque
2645 3508 2799 3576 len-

508 3637 616 3695 tus
671 3628 888 3705 risus,
970 3624 1151 3695 idem
1211 3625 1522 3718 corporis
1589 3646 1625 3693 a
1682 3627 1946 3704 fronte,
2038 3625 2285 3719 pedum
2347 3646 2629 3717 prorsus
2700 3627 2797 3696 ab

507 3747 787 3837 obliquo
842 3735 1395 3839 aspiciendorum
1448 3743 1744 3815 habitus.
1883 3744 2123 3835 Figura
2180 3745 2515 3825 feminea,
2589 3747 2799 3816 cuius

507 3867 729 3970 longis
798 3864 1134 3958 cincinnis
1196 3865 1480 3958 capillus
1550 3865 1654 3936 de
1714 3863 2019 3934 humeris
2090 3864 2358 3944 defluit,
2438 3877 2635 3935 veste
2694 3867 2806 3935 in-

507 3986 666 4055 duta
730 4005 907 4076 quae
977 3982 1290 4054 bracchia
1359 3995 1426 4053 et
1498 3984 1983 4076 aliquantulam
2054 4006 2329 4054 crmum
2388 3984 2802 4055 inferiorum

509 4115 770 4198 partem
844 4104 1022 4173 nuda
1093 4104 1451 4195 relinquit,
1534 4104 1732 4173 laeva
1802 4102 2164 4173 humerum
2240 4104 2418 4197 capit
2481 4105 2806 4178 mulieris

508 4245 669 4317 prae
728 4245 805 4293 se
859 4224 1099 4294 stantis
1151 4245 1609 4314 seorsumque
1662 4225 2060 4316 spectantis,
2120 4244 2322 4314 quae,
2380 4226 2523 4317 pari
2582 4226 2807 4297 modo

506 4343 782 4422 vestita,
856 4343 1124 4413 sinistra
1185 4353 1447 4413 vestem
1503 4343 1662 4436 Spei
1716 4344 1834 4434 qui
1889 4342 2139 4414 dicitur
2195 4341 2427 4413 babitu
2488 4345 2807 4436 prendit,
