2970 5100
1272 443 1361 515 61

270 646 375 720 26)
421 648 581 704 Pind.
627 649 790 721 Pyth.
835 649 940 705 Xll.
991 651 1091 707 24.
1813 676 1816 681 >

268 749 374 823 27)
418 752 674 822 Propert.
720 752 796 807 lll.
844 756 940 809 22.
988 755 1041 806 8.
1144 749 1321 806 Codd.
1368 749 1524 820 apud
1569 747 1908 819 Apollodor.
1952 752 2002 806 1.
2044 754 2099 808 2.
2149 754 2181 804 6
2243 749 2463 807 habent

185 846 455 929 Φόρκου
508 850 573 910 δὲ
616 851 723 911 και
765 851 1020 925 Κητοῦς
1074 849 1379 928 Φορκίδες
1412 844 1738 929 Γοργόνες,
1790 854 1953 923 atqui
1992 853 2108 909 iam
2156 852 2254 909 diu
2304 858 2462 910 recte

175 955 556 1010 emendatum
604 960 707 1010 est
746 957 950 1042 Φορκ.
988 976 1090 1013 και
1140 957 1330 1032 Γοργ.

267 1053 374 1128 28)
419 1059 502 1112 De
547 1057 661 1113 loci
705 1059 818 1113 situ
864 1058 1001 1115 dicit
1045 1057 1285 1115 Ovidius
1330 1053 1390 1129 (l.
1436 1071 1485 1112 c.
1533 1056 1615 1114 lV.
1662 1053 1810 1128 772)
1856 1057 2051 1115 locum
2079 1055 2318 1111 solidae
2363 1061 2462 1111 tu-

174 1164 303 1215 tum
345 1161 670 1215 munimine
718 1161 915 1228 molis;
978 1161 1144 1216 cuius
1205 1161 1265 1214 in
1324 1159 1566 1215 introitu
1626 1160 1889 1229 geminas
1937 1157 2172 1217 habitas
2229 1173 2466 1215 sorores

171 1261 495 1317 Phorcidas
537 1259 672 1334 (Det
718 1262 1054 1333 Phorcydas
1103 1267 1162 1317 et
1202 1261 1520 1317 Phorcidas
1547 1277 1602 1316 v.
1636 1259 1952 1330 Hertzberg
1983 1258 2059 1316 ad
2090 1260 2258 1330 Prop.
2292 1261 2327 1314 1.
2363 1257 2463 1332 0.).

266 1357 369 1440 29)
415 1363 688 1435 Aeschyl.
730 1365 863 1420 Tril.
909 1382 968 1436 p.
1021 1365 1163 1421 247.

266 1463 374 1538 30)
418 1467 488 1522 cf.
536 1466 811 1522 Goethe
855 1469 916 1522 in
960 1467 1171 1522 Fausto
1216 1466 1528 1536 tragoedia.
1575 1470 1613 1520 t.
1658 1464 1785 1522 XLl.
1833 1480 1890 1535 p.
1947 1467 2084 1520 488.

266 1565 373 1639 34)
417 1566 506 1623 Ad
536 1569 689 1625 hanc
719 1571 1256 1640 interpretationem
1290 1583 1623 1640 propensus
1669 1572 1758 1624 est
1799 1565 2084 1623 Preller
2129 1563 2252 1639 (Gr.
2283 1567 2460 1637 Myth.

171 1670 232 1726 ll.
281 1687 338 1741 p.
377 1671 474 1724 6'7.
519 1686 578 1725 n.
617 1674 669 1726 4.

269 1769 376 1844 32)
421 1772 526 1844 Ap.
585 1773 805 1829 Faese
866 1708 1100 1842 Sylloge
1167 1788 1223 1842 p.
1273 1774 1386 1827 53:
1467 1767 1541 1837 ἃς
1594 1763 2070 1847 κυκνομόρφους
2124 1766 2333 1845 φησίν.
2423 1766 2461 1842 ἢ

176 1867 286 1933 διὰ
329 1867 403 1932 τὸ
450 1868 603 1933 εἶναι
651 1866 844 1939 αὐτὰς
896 1865 1110 1938 λευκὰς
1166 1868 1208 1945 ἢ
1256 1865 1360 1931 διᾶ
1402 1865 1474 1932 τὸ
1521 1866 1667 1952 ἔχειν
1711 1866 2053 1952 τραχήλους
2094 1865 2375 1950 μακροῦς
2416 1868 2461 1993 ἢ

176 1969 286 2035 διὰ
329 1968 400 2035 τὸ
443 1969 590 2056 ἔχειν
635 1970 800 2043 εἶδος
842 1970 1090 2034 κύκνου.

268 2078 554 2153 33)1.0.
608 2082 745 2136 444.

268 2178 374 2254 34)
417 2183 482 2238 In
525 2183 821 2252 Philologo
867 2182 952 2238 lX.
1000 2199 1056 2253 p.
1107 2181 1219 2237 724
1277 2195 1367 2248 sq.

267 2281 373 2356 36)
420 2283 682 2340 Schedae
742 2284 973 2340 criticae
1034 2285 1097 2339 in
1139 2280 1414 2353 Aeschyli
1457 2278 1648 2336 Prom.
1695 2280 1877 2337 Vinct.
1945 2278 2169 2355 (Schol.
2212 2283 2463 2352 Gotting.

175 2403 223 2442 s,
273 2394 415 2442 aest.
468 2383 653 2460 4860)
697 2404 752 2458 p.
807 2390 901 2443 49.

268 2485 374 2562 36)
425 2491 582 2545 4064
630 2504 716 2560 sq.
772 2485 879 2547 νῦν
928 2481 981 2546 δ’
1031 2482 1254 2567 οἴχεται
1295 2479 1520 2544 κύκνου
1565 2477 1616 2542 τ’
1657 2477 1744 2542 ἔτι
1786 2478 2156 2567 πολιώτεραι
2204 2479 2278 2557 δὴ
2330 2482 2461 2547 αἵδ’

174 2587 563 2649 ἐπανθοῦσιν
605 2588 819 2670 τρίχες.

271 2690 375 2765 37)
420 2693 579 2749 Haud
625 2695 788 2749 aliter
832 2693 989 2764 apud
1035 2691 1348 2748 Hebraeos.
1436 2692 1499 2747 V.
1544 2691 1603 2747 P.
1652 2689 1898 2746 Cassel
1947 2691 2061 2746 Der
2107 2690 2357 2750 Schwan
2404 2690 2466 2743 in

174 2796 329 2866 Sage
371 2795 493 2851 und
539 2794 755 2852 Leben.
800 2796 951 2858 Berl.
1005 2797 1183 2850 4864.
1231 2812 1288 2866 p.
1321 2793 1438 2850 Llll.
1489 2808 1545 2849 n.
1587 2796 1726 2851 244.

268 2895 372 2971 38)
415 2898 658 2954 RhesuS.
710 2900 828 2952 646
877 2913 962 2968 sq.

432 2995 619 3064 πέλας
664 2997 730 3058 δὲ
772 2998 970 3058 πῶλοι
1019 2994 1309 3075 Θρηκίων
1352 2993 1415 3065 ἐξ
1459 2988 1751 3072 ἁρμάτων

434 3098 639 3159 λευκαὶ
689 3096 964 3160 δέδενται
1011 3096 1365 3180 διαπρεπεῖς
1408 3095 1470 3156 ἐν
1516 3091 1821 3176 εὐφρόνῃ,

365 3231 369 3237 ·
439 3201 756 3281 στίλβουσι
804 3197 857 3260 δ’
902 3198 1060 3263 ὥστε
1101 3198 1412 3278 ποταμίου
1457 3192 1683 3257 κύκνου
1730 3192 1975 3277 πτερόν.

265 3303 368 3379 39)
412 3306 612 3376 Eclog.
659 3307 760 3362 Vll.
813 3309 908 3362 38.

266 3406 371 3480 40)
417 3408 537 3465 Vlll.
592 3411 686 3463 47.
774 3408 938 3464 Haud
999 3406 1228 3462 diversa
1287 3411 1374 3462 est
1432 3407 1522 3461 vis
1584 3406 1645 3459 in
1709 3419 1779 3459 eo
1843 3403 2096 3474 epitheto
2157 3401 2317 3473 quod
2379 3407 2472 3457 est.

170 3504 537 3589 ποιλόχρως,
588 3510 745 3581 quod
791 3509 1097 3582 Euripides
1146 3505 1386 3581 (Bacch.
1440 3503 1626 3580 4347)
1673 3522 1861 3578 cycno
1908 3505 2069 3560 indit.

266 3609 371 3684 44)
416 3615 498 3668 De
545 3613 722 3684 gloria
770 3616 1089 3683 martyrum
1137 3612 1178 3666 1.
1231 3613 1326 3666 54.
1417 3608 1587 3681 Apud
1652 3615 1904 3666 cast—rum
1963 3609 2319 3664 Divionense
2382 3611 2472 3670 est

173 3722 234 3772 et
280 3716 389 3771 alia
434 3713 704 3781 basilica,
773 3716 834 3770 in
893 3731 1008 3785 qua
1054 3714 1361 3769 Paschasia
1420 3712 1709 3783 quaedam
1766 3711 2036 3782 religiosa
2090 3713 2464 3766 venerantur.

169 3820 320 3874 Nam
365 3818 552 3872 visum
600 3822 688 3872 est
733 3833 803 3873 eo
849 3821 1111 3888 tempore
1158 3813 1551 3871 structoribus
1609 3814 1903 3885 quandam
1949 3827 2127 3869 anum
2175 3825 2471 3881 egressam

172 3922 355 3977 fuisse
400 3918 472 3974 ab
518 3920 641 3990 ipsa
687 3918 956 3985 basilica,
1022 3919 1187 3988 nigra
1238 3920 1432 3983 veste,
1498 3918 1712 3987 cigneo
1761 3917 1983 3988 capite,
2023 3914 2313 3982 vultuque
2362 3911 2470 3967 de—

172 4038 317 4080 coro
364 4026 494 4088 etc„
542 4039 592 4076 v.
643 4021 968 4077 Cassell.
1018 4035 1067 4075 0.
1116 4038 1173 4091 p.
1204 4019 1368 4074 XXX.
1414 4035 1471 4074 n.
1531 4021 1668 4075 436.

264 4120 368 4197 42)
416 4123 621 4179 Videas
666 4128 888 4179 tantum
932 4123 1180 4178 Theocr.
1235 4124 1327 4176 46.
1380 4124 1493 4177 49:
1581 4117 1672 4186 τίς
1715 4150 1799 4161 -
1840 4116 2043 4191 θηλῦν
2088 4108 2213 4174 ὑπὸ
2254 4114 2474 4195 χροιᾶς

169 4221 400 4285 κύκνον
445 4218 615 4302 ἔγνω,
667 4231 724 4281 et
768 4225 959 4282 Schol.
1008 4216 1219 4290 λευκὰς
1260 4216 1376 4301 γὰρ
1421 4243 1503 4295 ην
1546 4215 1656 4295 τὴν
1694 4214 1911 4302 χροιὰν
1957 4217 2020 4278 ἐκ
2063 4217 2323 4296 γενετῆς,
2375 4213 2463 4283 αἶς

99 4319 106 4324 ’
172 4347 365 4405 φησιν
375 4321 712 4393 Ἑλλάνικος
728 4358 806 4368 -
819 4321 1113 4391 Ἡσίοδος
1131 4322 1204 4383 δέ
1221 4346 1306 4402 φη
1317 4345 1412 4384 σιν
1437 4317 1626 4386 αὐτὸν
1641 4317 1752 4398 τὴν
1769 4315 2040 4401 κεφαλὴν
2058 4315 2205 4402 ἔχειν
2225 4315 2464 4393 λευκήν.
