2970 5100
1244 449 1340 520 33

146 653 389 724 dextra
470 675 632 748 prae
705 663 984 747 pectore
1057 665 1361 746 pateram
1437 662 1646 725 tenet.
1775 655 1959 725 Haec
2019 653 2316 747 paullum
2373 650 2441 717 in

149 793 480 867 praeceps
522 773 860 844 declinata
900 771 988 842 ad
1020 773 1345 842 iuvenem
1392 772 1771 843 imberbem
1820 796 1983 867 prae
2028 796 2105 845 se
2148 781 2440 842 stantem

147 914 356 962 versa
408 904 534 973 est,
593 891 981 986 chlamyde,
1036 893 1234 961 cuius
1287 914 1488 960 unam
1541 893 1856 962 laciniam
1906 915 2115 987 super
2161 890 2441 961 sinistro

150 1010 435 1091 brachio
468 1013 665 1101 gerit,
709 1021 776 1081 et
808 1011 1060 1081 calceis
1098 1020 1215 1080 aut
1250 1011 1629 1081 maioribus
1668 1014 1794 1083 alis
1847 1015 1954 1084 vel
2011 1011 2251 1105 pannis
2299 1008 2443 1077 alas

153 1130 576 1201 imitantibus
616 1133 937 1200 vestitum
980 1141 1049 1199 et
1089 1130 1332 1199 dextra
1373 1132 1645 1200 oculum
1685 1132 1991 1202 mulieris
2027 1139 2442 1219 tangentem.

360 1249 653 1318 Dubium
711 1272 848 1319 non
906 1261 1012 1319 est
1065 1250 1231 1339 quin
1287 1247 1397 1318 hic
1447 1248 1622 1320 duas
1677 1250 1955 1321 Hesiodi
2013 1251 2445 1337 aliorumque

148 1372 406 1441 Graeas
465 1368 848 1462 propositas
904 1366 1311 1448 habeamus,
1369 1367 1534 1437 dum
1589 1369 1883 1440 Perseus
1936 1371 2000 1438 in
2064 1370 2145 1438 iis
2204 1388 2445 1460 perpe-

153 1500 452 1560 traturus
512 1499 619 1558 est
684 1487 750 1557 id
819 1487 1005 1578 quod
1074 1488 1363 1580 primum
1423 1510 1545 1581 per
1603 1487 2020 1582 Aeschylum
2080 1487 2283 1556 nobis
2340 1495 2446 1554 est

152 1594 408 1680 notum.
521 1606 869 1675 Habemus
935 1606 1109 1675 duas
1179 1608 1479 1686 Graeas,
1549 1609 1870 1688 alteram,
1947 1607 2271 1699 quoniam
2342 1614 2448 1674 est

156 1740 296 1796 tum
354 1727 686 1819 temporis
736 1726 934 1818 plane
985 1747 1187 1796 caeca
1249 1727 1649 1818 idcircoque
1705 1727 1942 1796 auxilii
2002 1729 2224 1819 inops,
2281 1725 2448 1792 alte-

156 1849 300 1917 rius
360 1845 720 1915 humerum
790 1845 1208 1937 capientem,
1288 1844 1572 1915 alteram
1645 1847 1941 1939 paullum
2014 1865 2333 1939 pronam,
2410 1864 2450 1910 a

154 1967 411 2036 Perseo
480 1987 600 2057 pro
675 1976 1018 2057 praestato
1090 1965 1579 2034 monstrandae
1645 1965 1799 2035 viae
1855 1963 2082 2036 officio
2138 1975 2449 2056 ereptum

155 2085 430 2155 oculum
499 2083 628 2153 sibi
697 2083 1082 2152 restitutum
1155 2083 1234 2152 iri
1313 2094 1741 2176 sperantem3
1821 2082 1953 2155 hoc
2008 2084 2233 2163 enim,
2313 2104 2450 2150 non

156 2205 305 2297 ipse
363 2212 629 2295 raptus,
705 2199 937 2272 fictum
992 2202 1378 2272 certissime
1435 2204 1848 2274 sumendum
1914 2225 2072 2274 esse
2130 2201 2292 2270 mihi
2352 2202 2449 2269 vi-

154 2323 376 2394 detur.
459 2322 755 2392 Facilem
795 2322 926 2391 sibi
973 2322 1328 2414 proposuit
1363 2322 1613 2391 artifex
1654 2344 1960 2415 operam,
2008 2345 2164 2393 cum
2192 2323 2451 2392 Graeas

157 2442 563 2534 simpliciter
618 2441 800 2510 binis
856 2441 1113 2520 oculis,
1201 2440 1380 2508 binis
1446 2453 1636 2511 certe
1692 2444 2048 2512 oculorum
2106 2441 2452 2512 foramini-

157 2563 288 2632 bus
332 2559 632 2640 finxerit,
692 2561 869 2630 nulla
928 2562 1077 2630 eius
1131 2560 1246 2650 qui
1298 2572 1444 2629 erat
1492 2562 1580 2631 de
1621 2561 1829 2632 dente
1881 2561 2093 2656 mythi
2132 2571 2453 2654 respectu

158 2682 430 2765 habit03
491 2682 611 2749 vix
665 2680 847 2749 enim
907 2680 1106 2749 liceat
1162 2679 1452 2749 credere
1514 2693 1837 2773 pateram,
1901 2684 1964 2751 in
2012 2679 2240 2773 effigie
2288 2681 2454 2751 satis

157 2802 630 2881 manifestam,
717 2820 897 2891 quae
968 2800 1248 2890 quidem
1321 2801 1382 2868 in
1457 2800 1721 2870 Graeae
1782 2822 1983 2870 manu
2042 2802 2259 2896 posita
2317 2823 2454 2868 non

160 2920 326 2992 nihil
377 2919 584 2991 habet
631 2921 803 2999 miri,
852 2916 1419 3009 significationem
1471 2942 1631 2991 esse
1677 2920 1927 3002 dentis,
1986 2943 2192 3013 quem
2233 2921 2453 2990 Graea

161 3045 295 3110 iam
351 3061 389 3108 a
447 3040 700 3110 Perseo
758 3051 1108 3131 receptum
1169 3051 1533 3130 postquam
1593 3042 1833 3111 oculus
1900 3042 2254 3111 restitutus
2311 3041 2456 3108 fue-

162 3162 252 3233 rit
308 3160 489 3230 illico
549 3181 786 3228 rursus
842 3156 1132 3228 infixura
1191 3160 1298 3229 sit.
1407 3161 1571 3231 Tota
1630 3182 1741 3229 res
1798 3161 2002 3230 valde
2057 3158 2459 3251 simpliciter

161 3280 255 3350 ab
309 3275 567 3348 artifice
623 3290 691 3347 et
742 3288 971 3347 mente
1025 3277 1524 3371 comprehensa
1584 3290 1651 3349 et
1706 3290 1981 3350 tractata
2040 3283 2166 3348 est.

373 3398 547 3465 Num
605 3397 779 3466 forte
846 3418 1013 3466 aves
1069 3399 1447 3489 aquatiles,
1535 3399 1712 3468 inter
1771 3421 2032 3493 cycnos
2100 3408 2167 3468 et
2220 3407 2459 3465 anates

166 3516 477 3596 mediae,
548 3537 723 3606 quae
784 3517 1100 3609 proxime
1151 3518 1281 3587 sub
1333 3518 1442 3587 illa
1507 3519 1801 3609 imagine
1860 3529 2206 3610 tamquam
2263 3537 2460 3587 coro-

166 3659 347 3707 nam·
411 3647 646 3729 portae
714 3632 1092 3707 efficientes
1154 3638 1534 3708 collocatae
1593 3651 1791 3719 sunt,
1882 3637 2267 3733 symbolice
2338 3657 2460 3729 pro

167 3758 411 3828 Graeis
468 3776 842 3849 cycnorum
900 3756 1114 3825 forma
1174 3757 1504 3850 praeditis
1573 3758 1684 3826 vel
1750 3768 1976 3827 tamen
2046 3777 2166 3849 pro
2224 3776 2461 3825 earum

167 3890 244 3945 ut
301 3876 715 3945 marinarum
780 3873 1064 3943 dearum
1118 3887 1403 3946 naturae
1461 3872 1960 3966 significatione
2016 3874 2463 3968 accipiendae

168 3996 344 4073 sint,
441 3994 508 4063 id
579 4015 665 4063 eo
732 3993 1058 4063 libentius
1124 3994 1510 4065 decernere
1580 3996 1817 4065 omitto
1894 4017 2031 4088 quo
2100 3994 2325 4064 statim
2396 3994 2461 4061 in

167 4114 378 4184 huius
442 4112 530 4183 de
592 4112 1002 4202 imaginibus
1064 4111 1308 4184 horum
1367 4114 1725 4185 numinum
1782 4116 1984 4186 valde
2046 4115 2113 4184 in
2176 4111 2463 4184 dubium

168 4234 441 4303 vocatis
495 4232 925 4324 quaestionis
984 4233 1175 4303 initio
1248 4234 1511 4305 fallacis
1574 4235 1931 4306 cuiusdam
1988 4231 2468 4304 alucinationis

166 4352 437 4423 crimen
496 4360 852 4446 reportare
907 4354 1168 4425 vitasse
1222 4353 1453 4424 velim.

1978 4489 2013 4541 3
