2970 5100
1280 466 1285 475 ‘
1306 452 1357 522 9

414 661 721 730 Alterum
792 670 1266 751 argumentum
1339 659 1526 750 quod
1593 668 1827 729 contra
1893 680 2270 752 cycnorum
2324 659 2461 727 for-

188 802 365 849 mam
436 781 675 850 Graeis
745 780 833 847 ab
900 777 1243 871 Aeschylo
1314 778 1632 848 tributam
1700 777 1900 847 faciat
1988 800 2078 848 ex
2148 777 2460 847 eiusdem

186 913 429 994 poetae
500 898 981 968 sabula-ducit
1032 898 1452 969 Wieseler
1518 898 1625 967 cui
1696 897 1925 966 titulus
1994 898 2119 966 fuit
2188 890 2461 966 Phorci-‘-

182 1020 372 1089 dum.
479 1019 654 1088 Dicit
709 1028 976 1097 autem,
1045 1018 1103 1087 si
1159 1018 1225 1084 in
1276 1015 1684 1087 Prometheo
1739 1038 2113 1110 cycnorum
2170 1018 2460 1086 formam

184 1140 425 1209 Graeis
497 1138 992 1228 assignavisset
1064 1147 1296 1230 poeta,
1379 1159 1465 1206 ne
1533 1138 1597 1205 in
1667 1134 2115 1207 Phorcidibus
2181 1135 2462 1226 quidem

182 1260 310 1328 alia
363 1257 576 1348 figura
633 1257 911 1327 easdem
972 1258 1035 1324 in
1094 1276 1369 1326 scenam
1428 1254 1710 1350 produci
1759 1256 1906 1325 iure
1957 1254 2284 1348 potuisse,
2344 1274 2462 1324 ne-

181 1401 316 1470 que
390 1398 555 1447 vero
622 1398 780 1446 esse
834 1397 1209 1469 cycnorum
1275 1397 1567 1468 corpore
1625 1376 1928 1465 virgines
1985 1374 2229 1464 dignas
2283 1395 2463 1464 quae

184 1499 252 1566 in
310 1495 657 1587 tragoedia
716 1494 1196 1565 exhibeantur.
1307 1495 1379 1564 ld
1429 1516 1597 1564 sane
1654 1516 1739 1563 ne
1797 1493 1957 1562 mihi
2003 1493 2280 1584 quidem
2328 1493 2464 1561 ullo

186 1618 390 1688 modo
445 1615 647 1687 statui
704 1637 907 1708 posse
964 1614 1238 1684 videtur
1290 1615 1418 1682 alia
1475 1616 1691 1684 forma
1752 1613 1818 1682 in
1874 1612 2284 1684 Prometheo
2345 1612 2463 1682 de-

182 1739 508 1830 scriptas,
583 1735 711 1804 alia
791 1736 853 1803 in
923 1732 1375 1803 Phorcidibus
1444 1744 1603 1804 ante
1669 1734 1907 1804 oculos
1978 1734 2232 1827 positas
2303 1752 2462 1802 esse

182 1860 459 1927 Graeas.
569 1856 704 1923 lam
756 1864 984 1923 autem
1030 1851 1405 1922 dolendum
1460 1864 1567 1922 est
1621 1853 1804 1944 quod
1864 1852 1952 1922 de
2009 1851 2137 1923 hac
2196 1863 2463 1942 tragoe-

178 1976 289 2046 dia
344 1976 546 2044 nimis
604 1973 847 2042 malam
905 1973 1207 2041 notitiam
1267 1970 1641 2044 habemus:
1723 1973 1977 2066 quippe
2054 1983 2324 2065 praeter
2395 1970 2462 2041 id

179 2095 367 2188 quod
420 2093 751 2186 simplicis
806 2090 1156 2162 scribendi
1208 2093 1493 2181 generis
1546 2093 1902 2186 exemplar
1957 2093 2304 2162 ferebatur
2342 2089 2461 2183 2⁰),

180 2216 366 2307 quod
424 2236 558 2284 non
616 2212 851 2282 attinet
905 2211 992 2281 ad
1042 2232 1209 2290 rem,
1269 2214 1497 2281 omnia
1541 2233 1720 2305 quae
1767 2233 1805 2283 e
1853 2213 2251 2302 fragmentis
2297 2212 2466 2283 hau·-¹

184 2336 297 2404 riri
355 2347 645 2428 possunt
700 2330 869 2401 haec
925 2342 1082 2400 sunt
1152 2331 1335 2421 quod
1396 2332 1727 2412 PerseuS‚
1807 2332 1997 2401 velut
2059 2332 2201 2401 suis
2255 2330 2465 2402 vena-²

184 2465 322 2533 tor,
383 2455 447 2522 in
486 2474 787 2545 *specum
848 2447 1259 2544 intrabat21)
1317 2464 1384 2522 et
1427 2453 1614 2544 quod
1672 2455 1934 2523 Graeae
1991 2472 2153 2544 prae
2206 2450 2465 2543 Gorgo-

186 2574 388 2643 nibus
440 2571 943 2651 custodiebant,
1001 2575 1252 2661 quibus
1302 2576 1458 2644 item
1521 2574 1584 2644 id
1644 2575 1872 2644 inesse
1919 2573 2250 2666 suspicari
2307 2571 2462 2666 pos-

188 2711 427 2765 sumus
528 2692 902 2760 Vulcanum
982 2692 1197 2763 fuisse
1284 2693 1469 2787 apud
1534 2693 1951 2787 Aeschylum
2037 2692 2153 2783 qui
2222 2692 2464 2764 falcem

183 2814 438 2883 Perseo
484 2811 570 2880 ad
614 2810 1143 2903 impugnandam
1174 2814 1562 2904 Gorgonem
1603 2813 1902 2883 traderet
1925 2807 2050 2905 2²).
2158 2811 2260 2882 Ad
2295 2811 2466 2884 haec

183 2955 339 3004 cum
394 2931 689 3022 quadam
745 2930 1154 3003 certitudine
1214 2933 1510 3004 mediam
1568 2932 1743 3002 hanc
1801 2933 2098 3002 fabulam
2155 2933 2465 3023 trilogiae

183 3054 400 3122 fuisse
446 3053 863 3121 constituere
911 3072 1274 3142 possumus
1320 3053 1771 3146 cuiusprima
1819 3074 1976 3146 pars
2019 3063 2166 3122 erat
2208 3053 2461 3133 Danae,

187 3172 414 3241 ultima
441 3171 845 3264 Polydectes
873 3166 994 3261 ²3).
1106 3175 1340 3264 Itaque
1383 3173 1682 3241 Danaam
1735 3153 2316 3243 verisimillimum
2360 3184 2465 3243 est

183 3291 608 3362 continuisse
664 3293 974 3362 fortunas
1030 3293 1180 3363 eius
1252 3293 1550 3363 feminae
1621 3313 1659 3360 a
1732 3294 1893 3361 love
1959 3302 2223 3360 amatae
2291 3313 2463 3383 quas

184 3411 332 3481 tulit
385 3410 568 3502 apud
624 3410 1101 3504 Polydectem:
1184 3412 1366 3482 bunc
1421 3433 1573 3482 eam
1627 3422 2006 3492 amantem,
2084 3412 2300 3503 ipsam
2362 3434 2466 3481 re-

182 3541 568 3624 spuentem,
628 3530 978 3611 Perseum,
1033 3533 1149 3622 qui
1206 3533 1355 3602 eius
1404 3531 1740 3601 voluntati
1794 3531 2043 3601 obvius
2091 3541 2298 3611 esset,
2372 3532 2464 3602 illi

182 3650 480 3719 invisum
522 3650 713 3720 etad
760 3652 1098 3741 Gorgonis
1144 3662 1350 3744 caput
1398 3652 1826 3722 afferendum
1881 3651 2200 3734 missum;
2257 3650 2465 3721 Phor-

179 3767 453 3840 cidibus
521 3780 661 3837 tum
727 3771 1070 3863 descripta
1140 3772 1351 3842 fuisse
1418 3772 1570 3840 eius
1633 3773 1806 3842 facta
1869 3771 2143 3860 egregia
2208 3772 2466 3863 Gorgo-

180 3909 534 3978 neumque
589 3890 1040 3980 acquisitum3
1129 3891 1500 3985 Polydecte
1554 3892 1857 3982 denique
1926 3911 2080 3960 eam
2139 3892 2462 3962 ultionem

179 4007 584 4099 productam
640 4010 854 4079 fuisse
910 4032 1118 4101 quam
1174 4012 1467 4081 Perseus
1522 4034 1603 4080 ea
1663 4012 1805 4103 ipsa
1865 4033 1938 4081 re
2006 4031 2210 4101 quam
2267 4011 2465 4105 Poly-

176 4126 418 4198 dectes
466 4140 698 4198 certae
753 4153 908 4199 eum
971 4132 1169 4201 morti
1226 4144 1758 4201 consecraturus
1806 4132 2188 4224 comparari
2245 4132 2463 4202 iusse-

178 4235 293 4316 rat'
331 4250 575 4342 repetit
625 4271 716 4318 cx
769 4249 1048 4320 homine
1104 4252 1367 4321 nefario
1423 4262 1492 4320 et
1547 4262 1936 4331 occaecatO,
1995 4261 2060 4321 et
2107 4251 2461 4320 liberatam

176 4378 485 4438 matrem.
596 4371 801 4461 Atqui
847 4371 912 4439 in
956 4372 1183 4442 media
1230 4371 1481 4453 fabula,
1535 4371 1686 4442 sine
1726 4371 1961 4454 dubio,
2017 4382 2087 4441 ut
2129 4369 2458 4452 diximus,
