2970 5100
1563 410 1660 482 24

486 639 630 685 rum
689 617 880 687 locos
919 615 983 710 ⁵)
1043 638 1127 687 eo
1183 626 1573 710 spectantes
1630 617 2046 709 respexerit,
2119 616 2235 707 qui
2285 616 2653 708 imaginum
2693 617 2762 711 6)

483 736 768 815 seriem,
845 737 1145 805 maxime
1202 758 1437 806 earum
1496 736 1558 805 in
1615 735 1865 827 quibus
1914 735 2258 825 Gorgonei
2315 734 2614 827 effigieS,
2688 739 2761 809 id

482 853 669 945 quod
721 836 945 949 saepe
982 857 1046 925 in
1105 855 1269 929 solis
1321 856 1807 946 stellarumque
1853 853 2064 953 fit‚.in
2110 854 2476 925 duodecim
2528 858 2766 948 signo-

484 997 633 1044 rum
691 976 881 1046 orbis
936 960 1291 1046 centro‘ut
1328 954 1769 1045 ¹medio'anni
1811 974 1965 1043 loco
2003 973 2306 1043 cernitur
2345 973 2407 1069 ⁷)
2449 976 2559 1044 vel
2605 999 2765 1069 per-

485 1092 642 1162 inde
700 1094 914 1165 tribus
969 1095 1340 1185 triquetrae
1393 1093 1734 1171 cruribus,
1795 1093 1915 1160 tria
1969 1093 2294 1163 continue
2350 1095 2765 1167 circumvol-

481 1213 708 1282 ventia
765 1216 925 1283 anni
982 1226 1287 1306 tempora
1330 1212 1712 1306 symbolice
1759 1210 2304 1301 designantibus,
2355 1214 2765 1289 circumclu-¹

480 1331 664 1401 ditur
705 1331 764 1423 8)
817 1332 1356 1424 perlustraverit,
1415 1342 1532 1401 aut
1579 1331 1996 1422 quicumque
2040 1332 2384 1422 Gorgonei
2432 1354 2588 1405 cum
2636 1335 2766 1403 Mi-

482 1474 694 1521 nerva
769 1453 1100 1523 rationem
1172 1463 1380 1542 atque
1453 1451 1520 1519 in
1594 1449 1840 1539 aegide
1908 1450 2276 1543 potentiam
2349 1454 2762 1536 meminerit,

484 1573 890 1664 praesertim
944 1593 1100 1643 cum
1158 1571 1266 1639 illa
1330 1570 1545 1641 stellis
1602 1579 1707 1639 est
1760 1568 2077 1645 distincta
2118 1567 2179 1661 9)
2236 1582 2366 1641 aut·
2405 1593 2535 1641 una
2592 1573 2769 1643 Gor-

481 1713 736 1780 gonum
787 1714 823 1758 a
883 1692 1116 1771 leone,
1188 1689 1539 1779 flagrantis
1587 1689 1761 1760 'solis
1814 1689 2168 1782 symbolo,
2226 1690 2630 1784 pelian-¹⁰),
2688 1704 2767 1763 ut

484 1832 766 1902 prorsus
833 1810 923 1880 de
989 1807 1584 1883 ea-similitudine
1651 1819 1910 1878 taceam
1972 1830 2148 1900 quae
2204 1811 2380 1880 inter
2432 1812 2766 1885 Perseum

480 1928 814 2000 Medusae
869 1940 937 1998 et
990 1928 1403 1998 Mercurium
1449 1927 1614 2018 Argi
1669 1938 2124 2020 peremtorem
2169 1927 2320 1999 fieri
2361 1952 2498 2000 non
2537 1944 2768 2024 potest

481 2050 645 2139 quin
715 2060 1166 2139 agnoscatur,
1243 2046 1806 2139 quandoquidem
1884 2047 2174 2118 Perseus
2246 2059 2310 2118 et
2378 2034 2766 2129 Mercurius

482 2178 773 2258 uterque
815 2167 1305 2259 potentissimis
1346 2168 1674 2237 monstris
1718 2165 2219 2238 dormientibus
2266 2172 2778 2262 supervenieffi·

479 2298 583 2356 tes
638 2299 929 2377 uterque
985 2285 1132 2356 istis
1186 2297 1388 2378 caput
1442 2286 1883 2380 praecidunt,
1960 2285 2207 2357 eodem
2263 2287 2545 2383 insuper
2585 2292 2761 2372 telo,

480 2407 648 2478 solis
695 2406 900 2486 falce,
962 2416 1254 2476 utentes·

686 2525 890 2617 Atqui
956 2524 1252 2596 Perseus
1312 2523 1522 2595 etiam
1587 2534 1693 2595 est
1761 2525 1983 2597 victor
2050 2527 2469 2611 Graearum,
2551 2540 2767 2623 utque

479 2645 835 2717 Medusam
923 2646 1230 2715 lunarem
1311 2645 1535 2738 capite
1608 2666 2083 2738 quaecumque
2160 2648 2471 2722 intuitum
2540 2651 2626 2719 sit
2695 2653 2765 2722 in

480 2765 779 2859 lapidem
836 2774 1141 2835 mutante
1197 2764 1261 2833 id
1318 2777 1423 2836 est
1478 2765 1681 2835 lunae
1735 2766 1946 2847 orbe,
2025 2768 2282 2861 privat,
2362 2768 2462 2839 sic
2517 2769 2761 2850 Graeis

480 2886 760 2956 oculum
810 2884 1046 2977 eripit,
1118 2883 1186 2953 id
1240 2895 1345 2954 est
1398 2884 1664 2965 lucem,
1728 2897 1937 2977 utque
1994 2887 2063 2956 in
2118 2888 2512 2978 Gorgonum
2569 2911 2766 2959 soro-

481 3029 629 3077 rum
686 3016 884 3075 coetu
936 3003 1234 3076 ,varietas
1290 3002 1628 3093 quaedam
1677 3027 1762 3076 eo
1816 3007 2116 3077 cernitur
2169 3005 2353 3096 quod
2399 3030 2534 3102 ‘una
2583 3031 2766 3090 mor-

482 3126 656 3205 talis,
717 3125 1023 3215 reliquae
1081 3122 1499 3195 immortales
1549 3135 1727 3205 sunt,
1786 3126 1885 3197 sic
1940 3127 2142 3198 etiam
2200 3148 2240 3195 e
2294 3125 2533 3199 Graeis
2582 3127 2766 3217 duae

480 3255 640 3316 sunt
693 3243 953 3313 auxilio
1005 3241 1413 3322 destitutae,
1476 3265 1606 3313 una
1666 3255 1849 3316 tenet
1903 3246 2288 3340 imperium.

686 3364 846 3432 Tam
905 3362 1264 3456 perspicua
1323 3375 1427 3432 est
1488 3385 1570 3433 ea
1639 3365 2010 3436 similitudo
2082 3376 2355 3456 tamque
2420 3365 2765 3435 alternan-

481 3497 613 3555 tem
671 3482 1081 3554 Phorcidum
1133 3482 1410 3552 oculum
1464 3482 1549 3551 ad
1587 3463 1711 3582 res
1758 3484 2090 3562 sidereas,
2143 3484 2509 3577 praecipue
2556 3484 2771 3557 lunae

479 3605 708 3684 vices,
782 3581 1124 3695 pertinere
1183 3601 1473 3674 evidens
1529 3613 1601 3670 ut
1655 3603 1842 3672 nullo
1898 3603 2103 3673 modo
2163 3602 2226 3671 id
2287 3601 2554 3673 infitiari
2603 3626 2770 3697 pos-

480 3725 729 3803 simus,
801 3722 924 3791 sed
978 3723 1200 3814 pot-ius
1256 3744 1340 3791 eo
1393 3720 1639 3791 adduci
1693 3746 1847 3792 cum
1905 3734 2141 3793 nostro
2198 3723 2343 3792 iure
2400 3721 2773 3794 videamur

481 3867 639 3912 num
699 3843 763 3912 in
820 3841 1089 3911 duabus
1143 3842 1426 3912 Hesiodi
1481 3842 1759 3922 GraeiS,
1849 3866 2010 3913 num
2068 3843 2133 3910 in
2190 3842 2551 3935 splendida
2607 3866 2770 3914 cro-

478 3985 600 4033 cea
650 3973 843 4033 veste
897 3963 1203 4042 alterius,
1260 3983 1464 4052 quam
1524 3961 1589 4029 in
1630 3962 1924 4052 imagine
1964 3960 2155 4044 vidit,
2211 3962 2301 4031 de
2342 3963 2628 4041 oriente,
2691 3964 2767 4033 in

483 4080 805 4174 pulchro,
883 4086 1177 4152 fortasse
1234 4085 1462 4160 fusco,
1533 4082 1812 4154 alterius
1867 4082 2083 4178 vestis
2139 4083 2370 4153 colore
2432 4083 2521 4152 de
2575 4085 2769 4153 occi-

478 4202 684 4272 dente
739 4201 968 4272 sidere
1024 4202 1304 4290 cogitari
1361 4201 1579 4269 liceat.
