2970 5100
1287 435 1376 506 31

191 661 361 710 nere
409 648 710 734 possent3
770 649 882 709 aut
931 660 969 708 a
1017 640 1275 710 Perseo
1321 641 1587 733 petitas,
1646 653 1761 713 aut
1805 640 2199 733 Gorgonum
2248 656 2476 718 custo-

189 759 321 829 des
372 770 443 829 et
496 758 1009 831 necessitudine
1049 781 1205 829 cum
1248 761 1607 831 sororibus
1647 762 2050 834 coniunctas
2077 766 2478 835 —mirum-

188 901 330 970 que
384 890 573 949 esset
628 880 683 949 si
743 880 807 948 in
869 890 1053 948 tanto
1107 879 1502 970 Gorgonum
1570 903 1649 951 ac
1713 881 2043 953 Medusae
2104 884 2477 975 imaginum

189 1020 482 1069 numero
551 1020 686 1068 non
756 998 969 1069 semel
1039 997 1168 1069 hae
1235 1020 1515 1091 quoque
1570 1000 1897 1072 custodes
1952 1014 2189 1097 essent
2243 1002 2475 1087 fictae3

187 1118 496 1210 denique
546 1119 652 1188 sui
704 1119 1007 1211 ipsarum
1061 1138 1266 1189 causa
1323 1118 1389 1187 in
1438 1142 1670 1191 rerum
1711 1119 2187 1212 fingendarum
2237 1123 2478 1193 orbem

188 1238 437 1309 referri
495 1249 828 1332 poterant.
953 1239 1091 1307 Iam
1146 1239 1203 1308 si
1259 1238 1347 1309 ad
1401 1240 1775 1310 Graearum
1830 1241 2164 1332 imagines
2219 1263 2479 1313 venan-

187 1357 324 1429 das
380 1380 506 1428 nos
557 1379 895 1452 paramus,
952 1357 1039 1428 ad
1095 1358 1273 1427 viam
1324 1359 1522 1450 quasi
1572 1358 2027 1451 indagandam
2073 1360 2204 1432 hoc
2248 1363 2477 1433 animo

186 1488 546 1570 asportare
621 1477 960 1548 debemus
1039 1475 1143 1547 his
1210 1478 1435 1550 modis
1497 1479 1586 1549 ab
1655 1478 2029 1553 artificibus
2100 1481 2248 1551 illas
2316 1479 2480 1572 fingi

198 1597 541 1690 potuisse:
597 1607 712 1666 aut
761 1595 1143 1667 secundum
1198 1597 1572 1670 Hesiodum
1634 1602 1965 1691 integram
2023 1598 2305 1693 figuram
2356 1600 2479 1669 hu-

189 1737 462 1786 manam
519 1717 600 1788 iis
656 1716 961 1786 tribuere
1018 1728 1354 1809 poterant,
1411 1731 1548 1801 aut,
1609 1722 1666 1790 si
1720 1719 2048 1815 Aeschyli
2107 1721 2319 1792 verba
2372 1743 2479 1791 se-

188 1837 416 1908 cuturi
469 1845 725 1916 essent,
784 1836 919 1916 vel,
990 1836 1255 1929 opinor,
1320 1840 1469 1910 avis
1525 1838 1811 1932 figuram
1868 1863 2022 1912 cum
2079 1841 2300 1933 capite
2360 1838 2480 1908 hu-

201 1977 405 2026 mano
462 1956 548 2027 iis
603 1956 750 2027 dari
806 1955 1087 2034 licebat,
1156 1958 1264 2028 vel
1324 1959 1530 2029 etiam
1588 1961 1978 2032 universam
2041 1959 2278 2053 cycni,
2344 1980 2477 2050 qua

192 2076 474 2168 quidem
535 2077 798 2146 ratione
853 2074 1155 2145 adhibita
1224 2089 1581 2170 praeterea
1647 2102 1889 2150 omnes
1958 2078 2479 2149 incommodita-

186 2207 317 2276 tes,
374 2197 430 2267 si
486 2217 657 2289 quas
698 2197 979 2266 omnino
1020 2217 1229 2286 aegre
1269 2198 1550 2279 ferrent,
1611 2200 1977 2282 evitarent3
2033 2199 2231 2291 cycni
2266 2196 2478 2287 figura

186 2315 492 2408 denique
545 2316 843 2386 maxime
898 2317 1103 2386 etiam
1172 2328 1314 2386 tum
1381 2319 1582 2390 facile
1647 2330 1793 2390 erat
1854 2317 2098 2389 idonea
2166 2319 2220 2388 si
2294 2339 2477 2411 sym-

188 2436 420 2507 bolico
476 2446 731 2507 tantum
793 2435 998 2508 modo
1055 2437 1317 2509 Graeae
1372 2437 1864 2530 significandae
1920 2448 2176 2510 essent.
2297 2438 2476 2508 Nan-

187 2558 532 2628 ciscemur
592 2569 861 2637 autem,
937 2557 995 2627 si
1067 2559 1417 2649 quomodo
1490 2561 1864 2631 Graearum
1927 2571 2131 2654 typus
2207 2559 2276 2628 in
2333 2569 2478 2628 arte

188 2678 452 2748 Graeca
509 2678 597 2747 ab
655 2678 846 2747 initio
901 2675 1099 2748 fictus
1149 2690 1217 2748 et
1273 2680 1489 2771 magis
1547 2681 1903 2772 magisque
1959 2679 2479 2748 transformatus

190 2798 277 2867 sit
334 2797 1036 2878 consideraverimus,
1097 2796 1161 2866 id
1202 2799 1386 2890 quod
1440 2801 1644 2871 valde
1699 2812 1805 2872 est
1854 2797 2479 2871 extraordinarium

188 2926 264 2985 ut
319 2939 411 2987 ex
465 2917 924 2988 daemonibus
975 2917 1065 2986 ab
1117 2919 1383 3009 origine
1426 2944 1709 3014 prorsus
1752 2919 2067 2990 humanis
2104 2916 2278 2989 fictis
2312 2929 2479 2987 tem-

191 3058 367 3131 pore
416 3037 836 3129 procedente
905 3037 1143 3132 partim
1201 3039 1619 3132 tandemque
1684 3063 1966 3136 prorsus
2020 3038 2214 3112 fieret
2266 3038 2478 3130 figura

190 3158 531 3237 animalis,
587 3181 742 3228 cum
799 3166 1033 3227 contra
1087 3158 1154 3227 in
1217 3160 1525 3252 plurimis
1578 3162 1742 3231 artis
1788 3162 2094 3231 Graecae
2139 3162 2354 3255 typis,
2409 3183 2474 3229 v.

186 3301 249 3348 o.
306 3277 684 3359 Sirenibus‚
742 3278 1114 3348 Graearum
1169 3275 1426 3369 figurae
1462 3291 1595 3350 tam
1631 3280 1991 3362 similibuS‚
2048 3302 2291 3351 cursus
2328 3301 2476 3349 cer-

187 3409 389 3467 natur
444 3398 646 3491 plane
702 3398 1022 3469 inversus
1062 3396 1180 3494 ll).

1209 3767 1275 3862 ᾗ.
1387 3769 1455 3839 6.

181 3921 300 3987 De
342 3919 623 3987 Perseo
668 3920 746 3984 et
780 3915 1050 3984 Graeis
1092 3916 1175 3983 in
1220 3917 1582 3999 operibus
1625 3914 1819 3983 artis
1864 3916 2478 3984 obversantibus

398 4123 654 4192 Graeas
713 4121 910 4214 plena
964 4116 1176 4208 figura
1233 4116 1524 4187 humana
1583 4117 1650 4184 in
1708 4116 1934 4185 Persei
1994 4116 2215 4186 fabula
2271 4114 2472 4185 exhi-

187 4243 365 4313 bitas
445 4243 511 4311 in
593 4242 797 4311 unico
871 4251 1127 4311 tantum
1204 4247 1648 4308 monumento
1710 4236 2133 4317 invenimuS‚
2212 4238 2479 4330 tripode

185 4375 416 4433 aeneo
462 4361 866 4432 Volcentino
904 4359 1231 4429 Etruscae
1266 4379 1545 4451 operae,
1592 4357 1706 4447 qui
1748 4356 1853 4424 bis
1896 4355 2122 4427 editus
2163 4367 2290 4437 est,
2350 4359 2481 4451 pri-
