2970 5100
1299 417 1396 486 39

200 628 310 687 tur
362 621 625 690 oculus.
743 621 943 702 Quod
999 622 1056 690 si
1114 620 1394 689 omnino
1452 620 1603 689 talis
1656 618 1959 707 fingendi
2018 619 2187 687 ratio
2246 618 2490 688 usitata

197 750 348 806 erat
400 740 510 808 vel
567 750 754 809 certe
812 740 1092 818 licebat,
1167 739 1442 809 duobus
1511 737 1734 807 modis
1801 739 2052 807 artifex
2121 735 2211 806 ad
2277 760 2490 806 unum

196 857 885 928 Graearum‘oculum
934 858 1344 948 signandum
1385 859 1476 927 uti
1525 869 1821 949 poterat3
1879 857 2140 926 scilicet
2180 867 2294 924 aut
2327 878 2487 925 cum

194 976 379 1045 binis
447 978 801 1046 oculorum
871 977 1325 1046 foraminibus
1390 975 1757 1066 fingendae
1812 984 2042 1054 erant,
2117 975 2202 1043 ita
2256 983 2486 1044 tamen

196 1106 271 1164 ut
328 1096 439 1164 uni
499 1106 759 1163 tantum
822 1096 1022 1165 unius
1070 1096 1329 1166 inesset
1387 1096 1662 1188 pupilla,
1720 1106 1857 1174 aut,
1917 1095 1975 1165 si
2030 1105 2172 1163 tum
2221 1104 2484 1185 tempo-

194 1214 290 1283 ris
346 1236 562 1306 penes
616 1214 942 1284 Perseum
1000 1226 1189 1284 esset
1243 1217 1520 1294 oculus,
1601 1215 1766 1283 nulli
1834 1214 2118 1283 omnin-o
2173 1213 2488 1282 neutrius

194 1332 449 1425 pupilla
500 1333 792 1416 inesset3
848 1343 964 1401 aut
1016 1343 1285 1424 praeter
1342 1335 1498 1402 bina
1550 1335 1907 1403 oculorum
1960 1333 2294 1402 foramina
2351 1343 2487 1400 ter-

191 1451 361 1520 tium
419 1453 486 1520 in
546 1464 854 1542 utraque,
914 1453 1098 1543 quod
1151 1453 1372 1545 ipsum
1429 1454 1703 1523 oculum
1761 1452 2168 1530 contineret,
2224 1450 2485 1520 adden-

191 1569 360 1639 dum
414 1582 594 1651 erat,
676 1574 879 1662 quale
946 1573 1012 1641 in
1070 1572 1495 1665 Polyphemo
1529 1570 1622 1659 14)
1691 1594 1772 1642 ac
1838 1570 2149 1641 similiter
2203 1571 2269 1639 in
2323 1583 2483 1638 nota

192 1688 307 1756 illa
362 1692 547 1760 vasis
597 1712 728 1781 qua
787 1692 1043 1784 Iupiter
1090 1692 1372 1784 Triopas
1427 1707 1535 1764 est
1592 1694 1809 1785 pictus
1867 1673 2186 1778 imagines
2218 1689 2484 1759 inveni-

191 1806 442 1897 tur15).
549 1810 783 1880 Simile
830 1812 1085 1901 aliquid
1146 1813 1210 1879 in
1258 1812 1338 1882 iis
1380 1812 1469 1881 de
1524 1813 1777 1904 quibus
1835 1831 2018 1878 nunc
2071 1808 2482 1878 disserimus

190 1930 644 2020 imaginibus,
723 1951 1140 2021 quamquam
1212 1931 1450 2000 tertius
1521 1933 1762 2002 oculus
1829 1951 1963 1998 non
2034 1927 2521 2019 conspicitur‚.

188 2049 425 2118 Persei
480 2070 727 2118 versus
784 2059 986 2140 caput
1038 2047 1301 2138 figurae
1357 2062 1539 2120 motu
1578 2069 1990 2140 expressum
2034 2069 2194 2116 esse
2234 2046 2482 2136 aliquis

188 2168 601 2259 suspicetur,
660 2167 747 2236 ita
806 2178 880 2235 ut
933 2167 991 2236 is
1048 2167 1234 2237 illurn
1292 2191 1547 2261 supero
1601 2168 1804 2260 capiti
1861 2163 2146 2236 infixum
2204 2166 2478 2236 oculum

188 2297 506 2379 rapturus
550 2286 659 2354 vel
706 2285 1099 2355 redditurus
1143 2300 1364 2372 esset3
1422 2310 1687 2368 verum,
1736 2285 2060 2376 quon-iam
2105 2284 2305 2354 deest
2339 2306 2480 2374 quo

189 2405 403 2475 tutius
471 2404 558 2472 ad
632 2425 784 2472 eam
856 2427 999 2474 rem
1071 2406 1496 2497 probandam
1565 2407 1893 2484 nitamur,
1971 2424 2249 2474 sumere
2305 2425 2479 2495 opus

190 2526 323 2595 erit
363 2525 693 2594 Perseum
737 2522 870 2603 hic,
927 2525 1244 2615 quamvis
1301 2524 1370 2594 id
1413 2526 1616 2595 valde
1665 2523 2015 2595 incondite
2064 2524 2319 2592 factum
2368 2522 2476 2601 sit,

191 2646 259 2713 in
330 2666 469 2713 uno
536 2644 655 2733 qui
726 2665 892 2713 vere
963 2654 1068 2713 est
1134 2646 1369 2722 oculo,
1445 2656 1514 2713 et
1566 2645 1989 2736 quidem'eo
2048 2642 2476 2734 potissimum

189 2762 309 2853 qui
363 2772 550 2831 trans
606 2775 1052 2855 conspectum
1109 2763 1197 2832 sit
1252 2764 1551 2855 positus,
1615 2808 1690 2814 —
1758 2784 1842 2831 eo
1899 2762 2081 2831 enim
2139 2762 2478 2851 imagines

188 2882 447 2952 saltem‘
488 2903 667 2972 quae
723 2893 883 2951 sunt
936 2906 1002 2950 n.
1053 2882 1096 2952 2
1146 2892 1213 2951 et
1264 2882 1308 2951 3
1365 2893 1680 2974 spectare
1730 2882 2053 2952 videntur
2091 2923 2213 2961 --,
2271 2903 2478 2951 occu-

189 3012 421 3093 patum
477 3022 673 3079 esse,
746 3001 857 3069 vel
916 3001 1296 3093 rapientem
1350 3002 1459 3071 vel
1518 3002 2016 3072 restituentem.
2144 3001 2303 3070 Tale
2356 3022 2476 3071 au-

188 3134 328 3190 tem
389 3119 741 3209 negotium
801 3131 991 3189 certo
1054 3131 1236 3190 totus
1284 3118 1550 3209 figurae
1610 3121 1953 3191 masculae
2000 3119 2276 3191 habitus
2321 3143 2476 3214 pro-

185 3239 324 3322 dit3
407 3258 587 3328 quae
653 3239 947 3308 fortasse
1017 3260 1226 3307 manu
1294 3240 1526 3310 clausa
1599 3242 1663 3309 in
1734 3264 1795 3308 n.
1862 3239 1905 3309 2
1964 3251 2031 3309 et
2087 3240 2129 3309 3
2201 3241 2476 3310 oculum

183 3368 376 3426 tenet
443 3377 525 3425 ac
594 3357 650 3425 si
720 3358 903 3425 viam
972 3359 1105 3429 sibi
1175 3360 1714 3429 monstraverint
1767 3381 1927 3429 eum
1991 3358 2334 3429 redditum
2393 3360 2474 3429 iri

188 3477 555 3572 promittit3
632 3497 768 3566 quo
837 3479 1063 3547 minus
1129 3478 1451 3549 resistant
1516 3489 1632 3548 aut
1698 3501 1835 3569 quo
1906 3479 2173 3549 facilius
2230 3497 2474 3571 rapere

184 3598 297 3667 vel
356 3608 621 3688 raptum
696 3598 1058 3667 restituere
1127 3598 1343 3689 possit
1411 3600 1664 3669 collum
1735 3600 1916 3691 capit
1972 3599 2267 3678 Graeae‚
2323 3598 2472 3688 qui-

185 3738 325 3807 que
381 3716 447 3783 in
505 3739 568 3783 n.
628 3713 673 3783 4
733 3714 1155 3805 significatus
1223 3729 1328 3787 est
1391 3719 1825 3794 instrumenti
1892 3719 2090 3787 clavo
2146 3717 2257 3785 vel
2315 3717 2472 3786 stilo

185 3834 430 3904 similis
487 3855 654 3903 usus
709 3835 914 3905 valde
966 3836 1291 3905 convenit
1343 3838 1430 3907 ad
1481 3837 1755 3907 oculum
1809 3836 2174 3906 commode
2229 3836 2474 3905 tollen-

182 3955 348 4024 dum
400 3953 735 4023 meliusve
781 3952 1223 4045 infigendum.

180 4159 183 4162 Δ
389 4072 635 4162 Figura
695 4085 920 4142 autem
991 4075 1252 4143 Graeae
1321 4095 1753 4165 nequaquam
1821 4074 1971 4145 sine
2028 4074 2214 4143 omni
2281 4085 2470 4145 esset

183 4192 425 4272 simili,
504 4185 681 4283 quae
751 4193 1005 4285 quippe
1072 4195 1666 4284 frequentissimas
1722 4195 1784 4262 in
1848 4194 2111 4285 priscae
2165 4195 2469 4265 Graecae

180 4312 347 4382 artis
423 4322 488 4381 et
555 4310 889 4388 Etruscae
960 4314 1329 4405 operibus,
1411 4313 1499 4384 de
1566 4314 1818 4405 qui-bus
1885 4314 2059 4384 infra
2115 4314 2472 4405 agendum
