2970 5100
1258 2271 1261 2273 ’
1330 2283 1573 2342 GRNeese
1604 2298 1958 2372 detaetmtfaem.

1227 2684 1294 2778 ς.
1409 2688 1475 2756 1.

903 2833 1018 2898 De
1061 2832 1330 2900 Graeis
1375 2835 1453 2900 et
1496 2833 1797 2899 Perseo,

417 3034 598 3102 Inter
651 3053 729 3101 ea
787 3054 967 3123 quae
1022 3032 1317 3102 Perseus
1387 3054 1545 3101 cum
1612 3030 1697 3099 ad
1769 3030 2099 3101 Medusae
2154 3032 2498 3122 Gorgonis>

205 3163 410 3245 caput
449 3151 945 3241 acquirendum
987 3149 1539 3245 proficisceretur
1580 3151 1797 3221 fertur
1844 3161 2303 3243 perpatrasse,
2362 3151 2498 3243 pri-¹

208 3294 394 3341 mum
451 3271 574 3339 suit
618 3270 800 3360 quod
862 3272 1216 3363 superavit
1269 3271 1551 3340 GraeaS.
1657 3267 2035 3339 Eranthae
2074 3315 2162 3323 -
2205 3290 2495 3343 numero

212 3392 421 3459 multo
474 3389 752 3481 saepius
809 3400 946 3459 tres
1003 3399 1336 3459 vocantur
1389 3410 1591 3479 quam
1646 3388 1828 3458 duae
1868 3386 1930 3483 1)
1985 3387 2496 3483 —-.Phorcy.os

209 3509 386 3580 filiae
456 3520 522 3578 et
595 3509 797 3578 Cetus
867 3508 1401 3598 habitabantque
1463 3508 1528 3574 in
1595 3507 1849 3576 Oceani
1916 3505 2168 3578 finibus
2233 3508 2351 3598 qui
2405 3508 2493 3579 ad
2562 3485 2567 3491 ⁵

209 3628 639 3698 occidentem
695 3638 1043 3720 spectant,
1104 3628 1219 3697 ubi
1276 3648 1403 3695 nee
1451 3626 1553 3694 sol
1611 3626 1792 3695 lucet
1847 3648 1975 3696 nec
2025 3628 2182 3695 luna
2217 3624 2323 3720 2),
2378 3637 2495 3696 aut

214 3769 424 3840 prope
480 3745 820 3816 Atlantem
882 3757 1178 3816 montem
1221 3742 1305 3836 3).
1430 3745 1649 3814 Senes
1705 3754 1934 3815 autem
1990 3757 2185 3815 erant
2238 3744 2399 3814 inde
2454 3767 2491 3813 a

208 3868 566 3936 iuventute
606 3861 708 3958 l¹);
767 3887 974 3956 unum
1032 3878 1320 3962 cunctae
1377 3864 1651 3933 oculum
1692 3861 1757 3956 5)
1813 3886 2200 3966 unumque,
2260 3874 2330 3933 ut
2379 3864 2492 3933 alii

208 3985 491 4064 addunt,
536 3984 814 4054 dentem
858 3984 919 4072 6)
964 3982 1334 4064 habebant,
1370 3964 1625 4074 quibus
1653 3985 1718 4053 in
1747 3966 1968 4053 vicem
1999 3962 2366 4053 utebantur
2405 3982 2490 4076 ⁷).

208 4106 503 4174 Perseus
549 4123 587 4171 a
636 4103 939 4173 Minerva
981 4101 1066 4196 8),
1118 4116 1235 4172 aut
1275 4104 1363 4172 ab
1407 4104 1513 4172 illa
1560 4125 1712 4172 cum
1756 4091 2097 4172 Mercuri-o
2135 4100 2197 4196 9)
2246 4104 2494 4176 ductus

207 4235 414 4314 atque
470 4223 810 4302 incitatus,
869 4246 1022 4292 cum
1081 4223 1162 4292 iis
1212 4244 1251 4292 a
1314 4234 1507 4312 tergo
1541 4218 1655 4314 ι0),
1712 4245 1799 4293 eo
1837 4223 2009 4315 ipso,
2068 4233 2138 4292 ut
2183 4223 2495 4292 nonnulli

210 4353 510 4421 narrant,
571 4343 899 4434 temporis
951 4353 1298 4413 momento
1347 4364 1489 4433 quo
1549 4342 1823 4412 oculum
1873 4341 2295 4433 dentemque
2348 4363 2494 4411 mu-

2008 4477 2035 4526 1
