2970 5100
1337 397 1433 468 23

1262 729 1331 825 ᾗ.
1440 731 1508 802 ιι.

808 888 921 954 De
964 884 1234 954 Graeis
1278 884 1566 952 deabus
1610 883 1946 952 sidereis.

444 1089 515 1157 ln
555 1083 972 1180 mythologie
1013 1085 1296 1163 Graeca,
1353 1082 1656 1152 maxime
1703 1082 1767 1151 in
1814 1084 2307 1155 vetustioribus
2354 1086 2519 1156 deo-

236 1230 385 1278 rum
443 1205 753 1285 familiis,
840 1225 1166 1274 numerus
1237 1202 1579 1272 ternarius
1646 1213 2043 1274 constanter
2109 1205 2519 1276 observatus

233 1337 350 1397 aut
400 1324 756 1420 imperium
816 1345 937 1417 per
991 1331 1130 1392 tres
1186 1343 1417 1392 rerum
1472 1331 1756 1391 naturae
1810 1333 2042 1415 partes
2094 1335 2210 1394 aut
2263 1346 2516 1395 annum

233 1446 540 1538 annique
579 1456 883 1537 tempora
925 1439 1258 1535 significat
1297 1451 1411 1511 aut
1452 1463 1531 1511 ea
1578 1462 1756 1532 quae
1782 1441 1868 1513 ad
1907 1442 2132 1513 sidera
2182 1454 2515 1538 spectent,

234 1575 302 1638 et
355 1564 636 1658 quidem
692 1562 991 1633 maxime
1048 1574 1188 1632 tres
1240 1563 1444 1632 lunae
1496 1560 1708 1631 vices.
1833 1560 2038 1654 Atqui
2095 1563 2223 1634 iste
2282 1588 2518 1636 nume-

241 1709 360 1757 rus
415 1685 483 1753 in
542 1683 865 1753 omnibus
918 1679 1274 1777 Phorcyos
1345 1680 1642 1750 familiae
1697 1679 2023 1752 membris
2079 1685 2303 1754 locum
2372 1687 2517 1756 fere

232 1806 529 1886 obtinet3
587 1802 926 1897 reperitur
969 1802 1189 1896 Scylla
1236 1823 1390 1871 cum
1447 1801 1666 1873 tribus
1706 1797 1766 1893 1)
1822 1800 1930 1870 vel
1989 1800 2094 1874 bis
2149 1804 2364 1875 ternis
2406 1827 2517 1875 ca-

233 1925 487 2020 pitibus
525 1919 616 2017 2),
668 1924 940 2017 Geryon
998 1944 1151 1991 cum
1208 1921 1426 1991 tribus
1482 1918 1889 2014 corporibus
1930 1915 2019 2015 3),
2075 1922 2301 2016 Hydra
2359 1947 2513 1995 cum

231 2045 570 2139 capitibus
627 2055 731 2113 ter
787 2041 999 2113 ternis
1040 2038 1147 2136 ²¹),
1230 2041 1478 2134 triceps
1536 2040 1912 2120 Cerberus,
1995 2041 2209 2112 tribus
2266 2043 2515 2115 bestia-

231 2187 386 2236 rum
440 2164 808 2259 speciebus
858 2160 1232 2257 composita
1290 2159 1668 2241 Chimaera,
1727 2168 1866 2229 tres
1922 2161 2314 2251 GorgoneS,
2375 2174 2514 2234 tres

231 2285 516 2355 Graeae.
603 2299 606 2303 ’

438 2404 747 2494 Tumque
790 2399 1087 2470 maxime
1136 2398 1295 2468 anni
1339 2408 1642 2492 tempora
1687 2400 2098 2492 coelumque
2135 2402 2514 2496 respiciun-

229 2536 338 2598 tur
376 2525 430 2597 si
472 2524 538 2593 in
584 2541 872 2592 numero
917 2519 1218 2591 ternario
1257 2519 1623 2589 continuae
1665 2519 1857 2591 vices
1903 2521 2288 2613 viriumque
2338 2522 2511 2593 divi-

229 2667 471 2715 narum
527 2641 701 2713 actio
756 2663 891 2711 non
950 2651 1086 2710 uno
1143 2638 1530 2730 eodemque
1584 2650 1892 2733 tempore
1950 2663 2313 2734 praesenS,
2386 2643 2511 2714 sed

227 2768 578 2835 alternans
634 2760 935 2841 effertur,
996 2760 1427 2854 potissimum
1475 2768 1703 2829 autem
1759 2770 1920 2831 tunc
1974 2760 2379 2852 significatio
2422 2764 2510 2833 si-

228 2886 437 2957 derea
492 2890 676 2955 certa
733 2891 840 2950 est
895 2881 953 2951 si
1012 2879 1083 2951 id
1151 2878 1336 2971 quod
1390 2880 1764 2949 alternatur
1818 2880 1904 2951 ad
1966 2881 2250 2953 videndi
2306 2883 2510 2953 lucis-

226 3027 363 3098 que
418 3004 986 3080 instrumentum,
1045 3000 1314 3070 oculum
1372 3000 1665 3080 scilicet,
1727 3002 2093 3094 pertineat,
2158 3011 2226 3071 ut
2281 3013 2384 3072 est
2442 3003 2507 3072 in

225 3126 486 3197 GraeiS.
604 3120 1117 3215 Praecipueque
1182 3118 1314 3188 hoc
1376 3118 1673 3189 lucidum
1729 3118 1801 3189 fit.
1871 3121 1928 3191 si
1994 3121 2226 3191 talium
2290 3123 2508 3190 numi-

227 3269 389 3316 num
444 3242 700 3323 victor,
758 3240 872 3332 qui
929 3241 994 3309 in
1053 3238 1406 3309 veteribus
1461 3238 1593 3309 diis
1648 3262 1786 3310 non
1836 3242 2010 3311 solet
2062 3240 2348 3322 deesse,
2409 3243 2507 3313 lu-

226 3366 327 3438 cis
383 3363 686 3454 solisque
743 3361 829 3431 sit
882 3360 1077 3440 deus,
1134 3357 1320 3450 quod
1363 3360 1581 3453 ipsum
1621 3360 1688 3428 in
1737 3360 1974 3431 Graeis
2015 3362 2248 3431 evenit
2299 3374 2507 3454 atque

227 3487 293 3555 in
336 3493 470 3554 tota
513 3480 653 3552 hac·
685 3481 751 3550 in
802 3501 936 3572 qua
984 3500 1346 3551 versamur
1381 3490 1586 3573 gente
1628 3481 1899 3571 longius
1935 3482 2307 3577 propiusve
2351 3506 2504 3553 cum

223 3604 531 3698 Phorcye
587 3611 654 3673 et
703 3601 959 3671 Cetone
1010 3599 1405 3672 cohaerenti
1459 3601 1820 3694 reperitur.
1927 3603 2281 3684 Hercules,
2338 3603 2504 3673 solis

223 3725 464 3805 heros,
521 3722 850 3817 Scyllam,
909 3719 1319 3801 Echidnam,
1379 3722 1802 3814 Geryonem,
1860 3722 2194 3816 Hydram,
2254 3724 2505 3795 Cerbe-

225 3868 375 3919 rum
431 3842 681 3922 vincit,
735 3841 1030 3912 Perseus
1085 3843 1343 3913 Graeas
1391 3851 1458 3912 et
1506 3841 1882 3932 Gorgonas.

452 3964 523 4032 ln
570 3960 678 4032 his
733 3970 996 4043 autem,
1056 3983 1228 4054 quas
1285 3962 1414 4031 iam
1474 3962 1688 4033 semel
1744 3961 1829 4033 ad
1886 3963 2258 4033 Graearum
2317 3962 2502 4034 simi-

224 4084 579 4157 litudinem
650 4081 1080 4153 statuendam
1136 4081 1614 4163 adhibuimuS,
1691 4105 1828 4153 non
1888 4106 2046 4153 esse
2107 4083 2502 4177 primarium

224 4204 411 4298 quod
454 4203 540 4275 ad
592 4223 779 4273 mare
834 4203 1239 4297 pertineant,
1295 4203 1422 4275 sed
1468 4225 1558 4273 ex
1602 4226 1686 4273 co
1733 4203 1846 4295 qui
1894 4227 2073 4296 nunc
2114 4213 2218 4274 est
2265 4203 2499 4298 mytho

226 4306 509 4395 numina
565 4343 687 4395 eas
742 4344 900 4395 esse
954 4305 1216 4395 lunaria
1268 4346 1472 4396 nemo
1521 4324 1651 4394 iam
1709 4323 1984 4416 negabit
2028 4325 2142 4416 qui
2189 4324 2500 4417 antiquo-
