2970 5100
1568 459 1661 532 58

572 763 627 845 4)
671 770 883 840 Theog.
932 770 1053 826 270
1102 785 1226 840 seq.
1492 665 1538 759 ἓ

747 865 1002 948 Φόρκυϊ
1035 865 1086 926 δ’
1119 859 1202 928 αὖ
1245 864 1441 943 Κητώ
1493 867 1731 947 Γραίας
1775 866 1900 928 τέκε
1944 860 2401 946 καλλιπαρῄους

737 970 799 1031 ἐκ
842 971 1084 1050 γενετῆς
1126 968 1365 1039 πολιάς·
1419 966 1530 1038 τὰς
1577 965 1650 1044 δὴ
1704 969 1942 1049 Γραίας
1983 967 2303 1029 καλέουσιν

741 1069 1052 1134 ἇθανατοί
1091 1095 1156 1133 τε
1199 1074 1343 1133 θεοῖ
1380 1073 1572 1154 χαμαὶ
1615 1068 1926 1153 ἐρχόμενοί
1965 1068 2013 1130 τ’
2063 1064 2391 1147 ἄνθρωποι

737 1173 1064 1253 Πεφρηδοί
1105 1172 1155 1234 τ’
1202 1172 1500 1236 εὕπεπλον
1538 1171 1726 1234 Ἑνῦω
1775 1197 1838 1235 τε
1884 1169 2325 1253 κροκόπεπλον.

572 1273 631 1355 2)
675 1278 963 1335 Prometh.
1012 1281 1133 1335 794
1179 1296 1266 1350 sq.
1619 1321 1631 1332 .
1681 1320 1693 1333 .
1742 1322 1754 1333 .
1800 1281 1900 1336 ἵνα

748 1378 1131 1458 Φορκυνίδες·
1172 1379 1417 1439 ναίουσι
1462 1377 1711 1450 δηναιαὶ
1759 1375 1947 1456 κόραι

734 1481 896 1561 τρεῖς
936 1477 1383 1560 κυκνόμορφοι,
1432 1475 1637 1541 κοινὸν
1684 1477 1819 1558 ὄμμ’
1866 1478 2197 1557 ἐκτημέναι,

736 1580 1123 1662 μονόδοντες,
1175 1580 1249 1651 ἃς
1295 1579 1438 1644 οὔθ’
1484 1581 1655 1656 ἥλιος
1693 1575 2136 1661 Ιπροσδέρκεται

739 1683 975 1746 ἀκτῖσιν
1023 1682 1161 1746 οὔτε
1204 1681 1493 1761 νύκτερος
1535 1682 1693 1762 μήνη
1740 1683 1908 1746 ποτέ.

570 1785 626 1868 3)
673 1793 711 1847 l.
758 1807 809 1847 c.
858 1792 977 1847 267
1026 1808 1073 1847 s.

570 1893 626 1966 4)
672 1893 977 1950 Eumenid.
1029 1896 1104 1948 50
1153 1908 1308 1963 seq.;
1359 1908 1496 1948 eum
1539 1898 1866 1962 sequuntur
1908 1892 2115 1962 reliqui
2159 1893 2491 1963 scriptores,
2539 1893 2612 1947 cf.
2657 1894 2768 1948 Ia-

480 1996 684 2063 cobi,
745 1995 1233 2067 Mythologisches
1278 1994 1670 2051 Worterbuch
1718 2013 1775 2066 p.
1826 1995 1858 2048 7
1872 1997 1967 2051 44.
2015 2010 2075 2048 n.
2180 1994 2415 2051 Tetrum
2459 2001 2769 2066 aspectum

480 2097 769 2171 praebent
832 2099 1004 2154 etiam
1064 2100 1124 2153 in
1186 2114 1397 2166 magno
1460 2113 1596 2153 vase
1656 2098 1845 2168 pictae
1905 2098 2160 2152 Menum.
2210 2096 2264 2151 d.
2316 2101 2451 2153 Inst.
2512 2103 2579 2154 tr.
2625 2098 2764 2164 XLI,

480 2207 680 2257 contra
742 2216 845 2255 ore
901 2201 1105 2255 saltem
1162 2200 1420 2256 humano
1478 2215 1600 2255 non
1645 2199 1905 2255 mutilato
1951 2201 2011 2254 in
2058 2200 2155 2254 illo
2201 2201 2457 2270 sepulcri
2497 2201 2768 2258 Xauthici

480 2307 861 2359 monumento
908 2300 1255 2372 (Gerhard
1302 2302 1471 2358 Arch.
1520 2303 1637 2371 Ztg.
1692 2304 1870 2357 4855.
1916 2301 1999 2357 tb.
2047 2301 2285 2370 LXXlll).

570 2399 627 2482 5)
672 2403 1167 2462 Pulchritudinem
1227 2409 1511 2461 testantur
1569 2406 1733 2461 PauS.
1782 2405 1839 2460 ll.
1891 2408 1989 2461 24.
2041 2407 2094 2471 5,
2158 2403 2371 2461 Pindar
2427 2406 2590 2477 Pyth.
2653 2407 2765 2462 Xll.

482 2513 580 2575 20,
627 2507 793 2565 Ovid.
840 2508 1218 2579 Metamorph.
1265 2508 1347 2565 lV.
1395 2509 1537 2575 793,
1597 2507 1757 2564 Serv.
1802 2506 1873 2562 ad
1921 2509 2070 2578 Virg.
2118 2507 2263 2564 Aen.
2311 2509 2395 2564 Vl.
2449 2510 2589 2566 289.
2680 2509 2770 2566 Ex

479 2613 808 2668 Euhemero
855 2627 948 2681 ap.
996 2610 1198 2682 Hygin.
1248 2611 1308 2665 P.
1353 2607 1418 2667 A.
1466 2612 1525 2667 ll.
1566 2615 1657 2677 42,
1705 2609 1892 2682 Apoll.
1940 2612 1997 2667 ll.
2053 2613 2105 2667 4.
2160 2614 2213 2666 3.
2265 2614 2297 2665 9
2348 2616 2407 2666 et
2449 2612 2643 2671 Schol.
2689 2613 2770 2667 ad

478 2714 643 2770 Pind.
692 2714 854 2770 Nem.
899 2712 1036 2768 XIX.
1088 2715 1120 2768 4
1183 2714 1378 2783 Gorgo
1437 2713 1530 2768 vel
1588 2729 1727 2769 ausa
1792 2717 1913 2769 erat
1956 2729 2123 2770 suam
2167 2715 2580 2770 formositatem
2629 2731 2770 2771 cum

479 2819 774 2874 Minervae
835 2815 1195 2872 contendere
1252 2832 1428 2886 posse
1489 2832 1629 2886 prae
1694 2832 1759 2872 se
1818 2816 1990 2871 ferre.
2081 2817 2263 2871 Etiam
2309 2817 2370 2870 in
2414 2816 2772 2887 imaginibus

481 2921 639 2976 omni
718 2934 853 2976 cum
911 2917 1232 2973 trucidatur
1310 2918 1743 2988 pulchritudine
1813 2917 2134 2989 splendens
2194 2920 2500 2998 aspicitur,
2587 2924 2652 2974 ut
2704 2922 2773 2975 in

484 3037 692 3092 magna
739 3019 934 3077 tabula
979 3022 1132 3091 picta
1189 3035 1366 3091 quam
1425 3021 1591 3077 vides
1638 3022 1793 3077 Real.
1840 3022 1984 3077 Mus,
2030 3020 2283 3077 Borbon.
2328 3020 2435 3076 Xll.
2482 3021 2563 3077 th.
2594 3022 2771 3089 XLlll,

483 3127 655 3181 etiam
701 3141 793 3195 ap.
842 3124 1191 3179 Zahnium
1238 3122 1455 3179 Pitture
1504 3124 1580 3179 ed
1625 3123 1966 3179 Ornamenti
2010 3124 2086 3180 lll.
2132 3123 2213 3179 tb.
2261 3122 2450 3191 xx111;
2525 3140 2776 3195 prorsus

482 3229 786 3300 proprium
835 3231 923 3283 est
962 3240 1066 3281 vas
1109 3225 1265 3296 quod
1315 3231 1402 3281 est
1444 3228 1507 3281 in
1553 3227 1695 3282 Mus.
1745 3228 2036 3297 Campana
2096 3225 2409 3297 (Cataloghi
2451 3226 2532 3282 lV.
2585 3229 2773 3292 4408,

485 3331 556 3387 cf.
606 3329 929 3387 Gerhard
986 3325 1159 3384 Arch.
1209 3327 1587 3384 Ana-⁴859.
1655 3346 1710 3400 p.
1768 3331 1904 3385 440.
1951 3345 2009 3384 n.
2065 3327 2233 3400 ⁴27),
2303 3328 2457 3399 quod
2514 3329 2777 3385 ostendit

480 3434 850 3499 Mercurium,
890 3432 1193 3501 Gorgonas
1229 3432 1506 3487 Perseum
1537 3437 1963 3501 persequentes
1996 3438 2053 3487 et
2090 3431 2388 3488 Medusam
2558 3447 2777 3487 manca

482 3535 635 3592 della
681 3540 828 3591 teste
874 3533 1139 3590 sebbene
1184 3535 1349 3590 tralle
1396 3535 1471 3588 ali
1517 3549 1727 3604 sporga
1773 3550 1889 3591 una
1934 3536 2113 3591 faccia
2160 3535 2217 3590 di
2260 3534 2413 3590 bella
2471 3536 2774 3591 femmina.

575 3635 632 3708 6)
677 3635 848 3708 Apud
897 3637 1211 3692 Hesiodum
1258 3635 1494 3708 (Theog.
1546 3638 1663 3692 278
1713 3637 1858 3708 seq.)
1911 3638 2216 3710 Neptunus
2264 3652 2394 3693 cum
2441 3652 2510 3692 ea
2559 3639 2779 3693 coniu-

482 3742 640 3810 gium
685 3741 790 3795 init
832 3741 891 3794 in
939 3745 1103 3811 prato
1150 3737 1374 3803 floride,
1425 3754 1498 3794 ex
1544 3738 1750 3796 Ovidio
1796 3734 2042 3818 (Metam.
2088 3740 2169 3807 lv,
2219 3733 2363 3816 797)
2406 3744 2462 3795 ct
2506 3740 2770 3796 Lactant.

482 3842 580 3912 (Ν,
632 3841 728 3912 20)
772 3843 832 3897 in
880 3843 1096 3913 templo
1139 3842 1451 3896 Minervae.

567 3942 626 4018 7)
675 3935 978 4000 Eumenid.
1031 3946 1103 3998 48
1157 3957 1202 3998 S.

572 4044 628 4120 8)
672 4047 960 4103 Prometh.
1010 4048 1128 4101 799
1179 4062 1225 4101 s·

573 4148 629 4220 9)
678 4151 793 4204 Iam
840 4149 1089 4220 Heyne
1137 4147 1323 4219 (epist.
1372 4147 1442 4204 ad
1491 4140 1755 4223 Wolf.):
1825 4161 2032 4203 omnes
2075 4149 2283 4204 vetulis
2326 4149 2436 4204 illis
2480 4148 2778 4206 formosas

492 4269 674 4323 genas
723 4251 1074 4318 inviderunt,
1125 4251 1500 4321 Goettling
1547 4249 1625 4323 (in
1659 4251 1834 4306 altera
1866 4251 1995 4306 Hes.
2031 4250 2164 4306 edit.
2198 4268 2255 4323 p.
2295 4255 2368 4306 36
2404 4251 2477 4307 ad
2507 4270 2561 4307 v.
2594 4247 2776 4330 270):

489 4356 709 4413 Graeas
757 4356 912 4410 enim
959 4354 1232 4426 pulchras
1265 4369 1441 4410 nemo
1470 4354 1636 4409 facile
1670 4352 1893 4420 dixerit,
1941 4351 2213 4409 Preller
2259 4354 2491 4412 Griech.
2525 4356 2770 4428 Mythol.
