2970 5100
1260 464 1355 538 25

274 730 279 731 f
384 673 608 742 Posse
667 681 896 741 autem
959 672 1133 744 deos
1193 673 1494 743 marinos
1564 658 2087 747 cun1⁴2sidereis
2153 671 2444 741 numini·-

175 792 303 861 bus
367 791 747 862 arctissime
814 812 972 861 esse
1038 793 1476 871 coniunctos,
1535 791 1830 861 :alterius
1887 802 2170 861 naturae
2233 791 2444 883 impe·
2555 876 2558 877 f

126 888 131 893 ”
173 911 347 980 rium
400 911 679 981 alterius
732 932 1009 1001 quoque
1067 930 1282 1004 paene
1339 912 1517 981 ultro
1566 908 1863 988 efficere,
1924 909 1990 980 id
2038 911 2236 980 facile
2284 932 2445 980 con·
2504 888 2507 892 ⁴

170 1029 372 1100 cedet
417 1029 832 1120 quicumque
878 1031 1120 1110 solem,
1179 1031 1430 1110 lunam,
1490 1030 1721 1099 stellas
1766 1051 1805 1101 e
1848 1029 2026 1099 mari
2063 1029 2445 1099 escendere

169 1161 376 1241 atque
432 1150 496 1218 in
552 1171 740 1218 mare
805 1149 1112 1239 demergi
1183 1141 1500 1242 antiquis
1552 1133 1735 1219 visas
1797 1171 1960 1219 esse
2030 1148 2443 1242 rependerit.

171 1268 245 1339 ld
312 1269 381 1339 in
450 1268 822 1359 generibus
885 1269 1173 1340 deorum
1229 1267 1611 1339 statuendis
1669 1279 2008 1360 tamquam
2064 1269 2448 1339 circumve-

172 1389 379 1456 latum
434 1385 927 1466 exhibuerunt,
1000 1399 1068 1457 ut
1123 1373 1400 1459 numina
1457 1387 1725 1458 siderea
1782 1400 1899 1457 aut
1955 1388 2151 1458 liberi
2208 1399 2444 1459 essent

95 1527 102 1533 ·
174 1507 381 1577 maris
427 1517 542 1577 aut
593 1507 679 1576 ab
735 1508 883 1578 eius
937 1507 1069 1578 diis
1123 1519 1622 1599 amata-,quem
1660 1507 1744 1576 ad
1785 1507 2061 1579 modum
2092 1508 2447 1601 Neptunus

170 1626 528 1697 Medusam
577 1638 759 1696 amat
801 1628 1130 1707 lunarem,
1188 1628 1538 1719 liberique
1583 1642 1758 1718 qu‘os
1811 1627 2026 1721 illi-ea
2077 1629 2247 1721 parit
2292 1638 2450 1699 sunt

171 1748 510 1836 Pegasus,
550 1746 866 1816 ‘nubium
921 1744 1168 1819 humor
1236 1748 1301 1816 in
1369 1747 1565 1818 coelo
1623 1757 1920 1819 versans·
1965 1757 2171 1839 atque
2226 1748 2292 1817 in
2347 1748 2447 1817 lu-

175 1889 331 1937 nam
370 1887 711 1957 regnans,
782 1877 863 1936 -et
922 1865 1303 1960 Chrysaor,
1378 1865 1627 1936 humor
1677 1865 1767 1936 de
1801 1867 2142 1937 coeloJin
2197 1880 2447 1937 terram

171 1988 435 2058 stillans
483 1998 550 2056 et
595 2007 808 2057 aureo
849 2009 1038 2066 ense,
1099 1986 1164 2055 id
1210 1998 1311 2057 est
1360 1986 1636 2057 salutari
1685 1996 1753 2056 et
1791 1987 2097 2059 fecundo
2141 1987 2445 2068 fulmine,

172 2118 424 2178 terram
480 2105 771 2178 findens.
1406 2172 1411 2175 Α
1801 2188 1806 2197 Δ
1913 2174 1918 2177 .
2047 2178 2052 2181 ,

376 2227 473 2296 Eo
528 2226 658 2296 iam
714 2225 804 2297 acl
858 2225 1039 2294 illam
1096 2248 1250 2296 cum
1308 2238 1487 2296 terra
1541 2225 1922 2316 *inferisque
1986 2227 2153 2301 locis
2209 2250 2449 2297 neces-

172 2345 542 2418 situdinem
591 2345 986 2416 accedimus
1039 2347 1321 2437 qualem
1369 2345 1571 2415 etiam
1628 2347 2050 2437 ceteroquin.
2086 2347 2152 2416 in
2192 2348 2449 2438 Gorgo-

173 2467 379 2536 nibus
430 2476 760 2536 retentam
809 2487 969 2539 esse
1022 2465 1299 2557 coargui
1360 2465 1882 2558 potest3'quam
1913 2466 2061 2539 ‘etsi
2105 2467 2171 2535 in
2214 2468 2451 2539 Graeis

173 2586 374 2657 facile
421 2588 625 2656 etiam
680 2607 771 2660 ex
826 2585 1175 2657 domicilio
1230 2585 1313 2654 ad
1379 2586 1732 2664 Oceanum
1800 2587 2150 2677 totiusque
2215 2610 2451 2658 earum

174 2718 462 2792 naturae
515 2705 932 2777 obscuritate
990 2706 1371 2775 restitutam
1427 2704 1724 2782 reddere
1777 2725 2167 2798 possemus,
2224 2718 2452 2777 tamen

174 2827 245 2897 in
314 2848 401 2896 eo
467 2825 654 2917 quod
721 2848 875 2896 cum
940 2843 1176 2896 earum
1247 2824 1335 2894 ad
1401 2846 1588 2896 mare
1647 2825 2050 2919 pertinentia
2108 2826 2454 2898 condicio-

172 2969 335 3017 nem
376 2946 716 3018 sideream
760 2944 1195 3015 coniunctam
1241 2967 1401 3017 esse
1443 2945 2070 3018 demonstravimus
2116 2947 2454 3017 malumus

170 3066 654 3155 acquiescere,
730 3065 906 3134 tertii
973 3065 1251 3155 generis
1317 3065 1607 3159 imperio
1679 3089 1802 3159 per
1866 3067 2451 3161 comparationem

171 3207 329 3255 cum
390 3184 648 3275 reliqua
704 3183 1041 3264 simillima
1098 3183 1450 3278 Phorcyos
1502 3187 1694 3278 prole
1745 3187 1992 3257 factam
2051 3187 2139 3258 ad
2190 3187 2456 3257 divina-

174 3306 432 3374 tionem
486 3314 744 3374 tantum
800 3304 1099 3395 aliquam
1157 3305 1534 3398 proposito,

378 3425 688 3515 Namque
744 3423 917 3495 haec
970 3425 1169 3494 latior
1210 3445 1290 3495 ac
1337 3426 1615 3515 gravior
1669 3447 1823 3495 cum
1879 3426 2098 3497 tribus
2164 3425 2294 3497 illis
2351 3450 2455 3497 re-

170 3567 324 3614 rum
400 3555 678 3614 naturae
748 3544 1052 3636 partibus
1102 3544 1495 3620 coniunctio
1563 3566 1775 3637 pr-ope
1847 3546 1912 3618 in
1988 3546 2175 3616 omni
2247 3544 2456 3618 Phor-

169 3687 345 3758 cyos
416 3665 602 3757 prole
686 3664 1043 3734 monstrari
1116 3674 1377 3755 potest,
1465 3664 1533 3742 in
1588 3665 1929 3758 Geryonis
1994 3676 2230 3748 natura
2296 3690 2453 3737 cum

168 3785 307 3853 iam
360 3766 640 3852 'dudum
696 3784 781 3853 sit
843 3783 1163 3875 probata,
1249 3784 1379 3852 iam
1451 3781 1540 3851 ab
1608 3783 1799 3853 initio
1865 3784 2167 3854 cernitur
2232 3786 2300 3854 in
2376 3810 2454 3855 ea

167 3924 350 3994 quae
424 3902 555 3972 illis
629 3902 898 3996 propria
967 3916 1073 3972 est
1142 3903 1609 3981 triformitate,
1686 3913 1891 3994 atque
1953 3904 2456 3998 praecipuein

167 4023 394 4115 Scylla
451 4032 518 4092 et
572 4021 926 4093 Chimaera
985 4022 1304 4093 occurrit·
1339 4042 1417 4090 ea
1476 4022 1742 4092 ratione
1796 4044 1929 4113 qua
1985 4046 2023 4092 e
2078 4024 2288 4094 variis
2339 4024 2456 4095 be-

167 4143 321 4212 stiis
371 4142 478 4210 illa
542 4154 845 4213 monstra
911 4154 1452 4235 componuntur,
1533 4141 2093 4233 quandoquidem
2150 4142 2240 4213 de
2292 4146 2457 4213 alte-

166 4263 316 4331 rius
372 4260 713 4353 capitibus
767 4284 974 4333 eruca
1032 4272 1100 4332 et
1153 4262 1345 4331 canis
1409 4261 1499 4331 ad
1552 4273 1835 4343 terram,
1911 4263 2019 4333 leo
2075 4273 2142 4332 et
2197 4263 2456 4353 Gorgo-

168 4402 380 4451 neum
427 4379 512 4450 ad
577 4379 952 4462 aetherem,
1013 4381 1344 4452 balaenae
1399 4392 1467 4451 et
1523 4381 1893 4462 humanum
1940 4382 2207 4476 Scyllae
2255 4393 2457 4477 caput
