2970 5100
1626 436 1718 512 12

536 654 604 712 et
648 654 1013 734 quamnam
1054 643 1141 712 ad
1180 666 1326 712 rem
1370 640 1701 715 referens.
1809 645 2333 717 Admonitiones
2371 644 2584 725 chori,
2639 645 2818 715 Gor-

535 782 789 851 gonum
848 763 968 841 ira,
1027 785 1267 831 verum
1321 764 1522 832 etiam
1582 765 1807 835 irrisio
1861 786 1941 835 ac
1990 767 2233 848 l'astus3
2306 766 2533 854 Gorgo
2587 766 2818 857 capite

534 903 661 950 suo
712 882 777 950 in
824 876 1118 974 lapidem
1164 881 1494 973 quidquid
1546 886 1924 954 occurrerit
1974 894 2275 953 mutante
2319 883 2407 952 ab
2467 884 2650 952 omni
2708 894 2817 952 tu-

534 1012 667 1070 tam
724 1023 800 1071 se
852 1002 1188 1094 opinatur.
1314 1003 1448 1070 Iam
1510 1003 1576 1071 in
1633 998 1998 1073 domiciliis
2054 1003 2198 1080 suis
2265 1003 2634 1073 dormitum
2698 1023 2819 1072 ac-

530 1120 861 1190 cumbunt
904 1121 1441 1211 conquiescente
1494 1122 1695 1191 etiarn
1752 1121 1986 1193 choro.
2097 1123 2614 1215 Appropinquat
2650 1122 2817 1191 Per-

532 1261 693 1308 seus
751 1239 1122 1309 tutantibus
1163 1240 1469 1310 Minerva
1523 1251 1592 1310 et
1633 1242 1995 1321 Mercurio,
2053 1242 2161 1311 vel
2220 1241 2421 1310 etiam
2483 1240 2625 1310 sola
2687 1241 2816 1310 Mi-

535 1380 770 1438 nerva,
825 1380 860 1427 a
917 1359 1170 1450 quibus
1225 1360 1592 1453 impellitur
1648 1371 1717 1429 ut
1770 1361 1837 1428 in
1892 1360 2069 1430 istud
2126 1360 2543 1431 domicilium
2603 1380 2819 1454 pene-

534 1488 695 1548 tret:
755 1479 1121 1548 revertitur
1171 1488 1440 1572 peracta
1493 1501 1569 1548 re
1605 1503 1762 1550 cum
1803 1480 2134 1550 Medusae
2182 1481 2425 1573 capite,
2482 1480 2816 1549 festinan-

533 1608 635 1668 ter
688 1599 982 1690 fugiens.
1111 1598 1703 1691 Expergiscuntur
1767 1621 2081 1670 sorores:
2157 1599 2547 1692 desperatio
2600 1611 2816 1689 atque

531 1718 996 1797 exacerbatio,
1057 1728 1194 1786 tum
1253 1717 1574 1810 persequi
1631 1718 1831 1787 istum
1890 1731 2146 1813 parant.
2256 1721 2451 1811 Ipsae
2494 1719 2642 1788 sine
2683 1716 2819 1788 du-

534 1837 647 1906 bio
703 1837 768 1907 id
826 1836 1009 1928 quod
1072 1837 1492 1906 truculenter
1543 1838 1794 1907 factum
1850 1849 1955 1909 est
2011 1839 2296 1932 ploranti
2353 1837 2567 1909 choro
2621 1860 2816 1907 com·

532 1957 897 2053 municant,
957 1977 1349 2047 versusque
1401 1956 1514 2024 ille
1568 1978 1773 2046 quem
1829 1979 2032 2050 supra
2089 1958 2221 2026 iam
2281 1957 2392 2026 alii
2450 1958 2604 2027 loco
2661 1959 2818 2026 vin·

527 2077 911 2147 dicavimus
965 2076 1205 2156 „velut
1259 2074 1404 2144 suis
1457 2085 1748 2146 venator
1798 2077 1862 2144 in
1917 2096 2199 2168 specum
2256 2077 2579 2146 intravit“
2633 2077 2817 2168 opti-

533 2218 643 2266 me
684 2196 885 2266 etiam
935 2194 1093 2264 huic
1136 2194 1530 2283 Gorgonum
1577 2195 1871 2265 orationi
1920 2194 2240 2268 irascenti
2283 2207 2489 2288 atque
2531 2196 2817 2267 furienti

528 2316 954 2386 conveniret.
1063 2315 1202 2382 lam
1268 2315 1560 2384 sortasse
1630 2336 1796 2384 vere
1866 2316 2196 2408 incipiunt
2260 2338 2554 2410 propere
2621 2317 2816 2385 illum

530 2435 834 2525 insequi,
904 2445 1056 2513 aut,
1131 2433 1196 2503 id
1253 2433 1439 2523 quod
1489 2436 1842 2525 praefero,
1908 2435 2197 2505 deorum
2254 2436 2533 2504 numina
2582 2435 2818 2525 aliqua

530 2556 628 2625 rei
677 2554 1077 2647 conspirare
1133 2554 1592 2644 intelligentes
1647 2578 1802 2625 cum
1858 2566 2102 2645 questu
2159 2566 2415 2627 sortem
2464 2540 2658 2625 suam
2715 2558 2820 2625 fe-

531 2685 726 2755 runt,
805 2674 933 2744 nisi
991 2675 1166 2743 forte
1222 2675 1483 2745 amicus
1543 2675 1626 2744 iis
1680 2674 1890 2753 deus,
1962 2676 2071 2744 vel
2120 2676 2513 2767 Neptunus,
2569 2673 2820 2744 Medu-

534 2816 654 2864 sae
706 2806 1004 2873 amator,
1061 2795 1169 2863 vel
1227 2792 1532 2887 Phorcys
1592 2804 1813 2886 pater,
1879 2794 2196 2863 solatium
2251 2795 2547 2870 afferens
2583 2804 2822 2886 atque
2933 2863 2934 2870 ,

528 2914 837 2983 dolorem
906 2933 990 2982 eo
1061 2912 1245 3003 quod
1324 2933 1632 2982 summos
1705 2911 2018 2982 honores
2080 2915 2439 3006 promittit,
2514 2936 2820 3005 quorum

531 3033 857 3104 Medusae
911 3042 1114 3124 caput
1163 3032 1227 3099 in
1279 3031 1461 3101 Iovis
1514 3032 1827 3101 manibus
1868 3044 1982 3102 aut
2027 3034 2090 3101 in
2129 3033 2481 3103 Minervae
2530 3044 2823 3124 pectore

531 3153 933 3224 collocatum
992 3151 1333 3244 particeps
1390 3152 1690 3220 futurum
1753 3153 1870 3231 sit,
1931 3152 2195 3222 leniens
2248 3152 2660 3232 accedebat,
2723 3153 2822 3221 ita

535 3285 604 3342 ut
658 3283 870 3342 totum
927 3271 1183 3364 pacatis
1236 3292 1317 3341 ac
1374 3271 1694 3361 mitigatis
1748 3272 1994 3340 animis
2061 3271 2145 3341 ad
2209 3269 2416 3341 finem
2474 3271 2824 3365 perduce-

535 3403 739 3462 retur.
847 3391 918 3460 ln
974 3389 1186 3461 choro
1239 3401 1466 3461 autem
1523 3391 1739 3461 fuisse
1778 3392 2079 3459 maxime
2119 3388 2278 3458 mihi
2326 3391 2490 3460 libet
2521 3388 2825 3481 fingere,

528 3532 667 3603 quo
721 3511 1006 3580 forsitan
1063 3510 1269 3580 etiam
1323 3510 1742 3581 domicilium
1819 3532 2032 3604 prope
2091 3531 2275 3578 mare
2332 3510 2625 3602 positum
2685 3521 2827 3581 nos

530 3631 756 3710 ducat,
796 3630 1095 3700 marinas
1122 3630 1466 3700 inferioris
1493 3629 1748 3720 gradus
1779 3631 1968 3709 deaS,
2006 3628 2362 3708 Nereidas,
2398 3627 2827 3711 Oceanidas,

444 3811 449 3818 .
530 3751 699 3820 alias
752 3748 1063 3821 eiusdem
1119 3750 1434 3839 generiS,
1512 3771 1726 3841 quae,
1803 3772 1958 3820 cum
2018 3749 2383 3842 praecipue
2437 3749 2830 3840 sapientes,

530 3870 1006 3950 consulentes,
1084 3869 1423 3949 solanteS,
1499 3870 1873 3960 querentes
1943 3868 2030 3939 ab
2085 3867 2431 3961 Aeschylo
2492 3867 2836 3940 inductae

530 3990 685 4070 sint,
741 3989 980 4058 Graeis
1035 4000 1102 4058 et
1156 3988 1592 4078 Gorgonibus
1648 3991 1981 4081 sanguine
2034 4000 2270 4059 essent
2321 3987 2767 4058 coniunctae.

736 4108 936 4191 Quod
992 4118 1366 4199 utcumque
1421 4130 1499 4179 se
1553 4107 1833 4189 habeat,
1891 4109 1961 4179 id
2017 4107 2178 4177 mihi
2234 4106 2478 4177 videor
2524 4105 2838 4178 demon-
2927 4133 2928 4194 l

530 4240 791 4301 strasse
874 4248 1310 4319 nequaquam
1390 4229 1857 4299 necessarium
1913 4251 2100 4300 *esse
2201 4228 2266 4296 in
2359 4224 2838 4299 Phorcidibus

528 4352 785 4421 Graeas
856 4349 923 4422 in
996 4350 1214 4442 ipsam
1281 4369 1561 4420 scenam
1631 4349 1999 4442 productas
2064 4367 2373 4426 sumere,
2449 4356 2701 4416 contra
2762 4358 2842 4419 et
2925 4365 2926 4400 l

2924 4403 2927 4529 l
