2970 5100
1606 431 1652 501 8

480 636 983 727 quaestionem.
1094 636 1361 705 Etenim
1420 645 1490 703 ut
1534 656 1739 704 omne
1793 634 2170 703 bestiarum
2224 632 2764 703 additamentum

478 754 778 825 humana
842 754 1057 845 figura
1122 755 1497 825 detrectata
1556 752 2019 847 mythologiae
2076 754 2380 821 Graecae
2450 752 2765 844 personis

478 874 762 944 affixum
836 874 1229 945 inferiorem
1287 873 1637 963 dignitatis
1702 872 1988 962 gradum
2063 871 2319 964 prodit,
2402 872 2501 940 sic
2560 872 2765 940 etia'm

479 995 714 1063 alitum
768 996 983 1064 forma
1041 995 1282 1064 Graeis
1337 993 1667 1063 admixta·
1699 992 2099 1081 dignitatem
2174 1012 2411 1060 earu-m
2479 991 2567 1058 ab
2633 991 2766 1059 He·-

481 1113 656 1183 siodi
707 1113 1134 1207 temporibus
1185 1114 1544 1183 infractam
1600 1135 1760 1182 esse
1816 1111 2145 1202 sequitur.
2254 1110 2460 1200 Atqui
2501 1131 2579 1178 ea
2617 1111 2766 1201 ipsa

481 1253 620 1301 vox
675 1255 901 1325 nuper
947 1254 983 1301 a
1041 1233 1529 1303 Wieselero
1565 1229 1658 1324 ¹9)
1728 1232 2003 1324 saepius
2071 1241 2276 1322 atque
2343 1230 2769 1319 argumentis

482 1363 615 1420 tam
682 1352 1010 1443 gravibus
1066 1353 1485 1445 impugnata¹
1518 1361 1624 1422 est
1693 1361 1764 1420 ut
1830 1351 2215 1421 accuratius
2271 1351 2338 1420 in
2392 1370 2545 1419 eain
2602 1371 2768 1419 con-

480 1472 891 1543 troversiam
949 1472 1296 1562 inquirere
1350 1471 1825 1553 necessarium
1878 1470 2216 1540 videatur.

709 1590 934 1660 Primo
989 1591 1193 1680 igitur
1256 1592 1367 1659 ille
1428 1592 1536 1660 vir
1600 1591 1846 1660 doctus
1908 1610 2059 1659 eam
2123 1587 2590 1659 difficultatem
2660 1611 2771 1658 re-

426 1752 430 1756 ·
482 1708 719 1803 pendit
778 1731 958 1800 quae
1025 1710 1358 1780 existeret
1411 1710 1470 1781 si
1524 1711 1786 1780 Graeae
1842 1711 2117 1779 oculum
2174 1708 2596 1799 dentemque
2650 1731 2772 1778 co-

479 1829 858 1918 gitarentur
908 1839 1194 1909 mutare,
1250 1830 1434 1921 quod
1487 1829 1775 1920 equidem
1817 1828 1994 1920 apud
2046 1828 2348 1897 seriores
2393 1827 2772 1920 scriptores

480 1947 740 2019 diserte
792 1949 1095 2029 affertur,
1154 1960 1224 2018 ut
1271 1950 1382 2019 vel
1439 1949 1570 2018 sint
1627 1949 1741 2039 qui
1799 1947 2127 2018 Perseum
2188 1946 2604 2016 mutantibus
2653 1970 2774 2017 su-

482 2068 888 2161 pervenisse
922 2077 1275 2138 testentur.
1386 2066 1604 2148 Quam
1640 2065 2107 2137 difficultatem
2145 2066 2291 2159 ipse
2329 2066 2532 2135 etiam
2571 2067 2769 2147 tollit,

482 2209 641 2258 cum
695 2191 1065 2259 sexcentas
1121 2187 1456 2277 imagines
1512 2187 1893 2280 respiciens
1950 2184 2112 2255 fieri·
2156 2185 2464 2278 potuisse
2519 2204 2774 2256 conoe-

481 2305 597 2375 dit'
637 2316 707 2375 ut
760 2308 1057 2386 emese,
1126 2306 1411 2399 perinde
1467 2327 1550 2375 ac
1599 2307 1877 2375 Sirenes
1933 2315 2002 2375 et
2057 2305 2432 2398 Harpyiae,
2491 2306 2773 2375 lacertis

483 2426 944 2517 manibusque
999 2425 1314 2496 humanis
1375 2425 1725 2518 praeditae
1780 2426 2265 2515 cogitarentur.
2375 2425 2615 2515 Neque
2671 2434 2773 2494 ta-

483 2569 642 2616 men
680 2545 850 2617 haec
887 2545 1058 2616 ratio
1093 2545 1494 2616 necessario
1537 2544 1891 2616 videretur
1928 2543 2223 2615 ineunda
2245 2575 2261 2628 3
2319 2566 2474 2614 nam
2499 2545 2775 2615 Graeae

482 2667 592 2734 vel
647 2667 997 2757 unguibus
1042 2667 1273 2758 aliquo
1327 2665 1534 2735 modo
1592 2665 1659 2734 id
1717 2665 1849 2736 sibi
1904 2662 2204 2734 officium
2254 2676 2606 2757 praestare
2649 2685 2774 2757 po-

483 2795 726 2865 terant,
782 2787 968 2877 quod
1025 2787 1085 2857 si
1140 2788 1295 2877 quis
1343 2808 1697 2878 opponere
1745 2785 2044 2855 voluerit
2096 2806 2218 2875 per
2270 2784 2486 2877 ipsam
2537 2806 2774 2853 rerum

484 2915 812 2974 naturam·
859 2903 1007 2976 fieri
1075 2928 1212 2976 non
1282 2906 1525 2985 licere,
1604 2903 1769 2973 nihil
1837 2903 1903 2971 in
1975 2903 2304 2995 portentis
2372 2915 2508 2971 tam
2576 2903 2774 2972 miris

482 3025 711 3095 obstat
764 3046 904 3116 quo
958 3026 1186 3096 minus
1239 3026 1350 3095 vel
1408 3023 1581 3093 tales
1636 3024 1852 3094 fuisse
1896 3023 2051 3092 illos
2101 3045 2367 3112 ungues
2414 3044 2775 3094 sumamus

482 3144 725 3234 quales
776 3143 866 3214 ad
920 3166 1071 3215 eam
1128 3165 1410 3238 operam
1468 3143 1763 3212 idoneae
1818 3153 2090 3228 essent;
2162 3143 2220 3213 si
2275 3142 2554 3233 quidem
2610 3145 2775 3233 quis

481 3261 838 3332 hominum
884 3265 1319 3354 antiquorum
1371 3274 1507 3332 tam
1549 3274 1867 3334 accurate
1908 3283 2060 3332 eam
2115 3285 2281 3332 remv
2315 3262 2404 3332 ad
2459 3263 2776 3352 singulas

481 3393 709 3475 partes
760 3383 1046 3452 omnino
1104 3384 1460 3474 imaginari
1509 3385 1747 3460 voluit.
1858 3384 1930 3450 ln
1988 3383 2071 3452 iis
2125 3402 2304 3472 quae
2358 3393 2493 3451 tam
2549 3382 2774 3452 mirae

481 3510 643 3572 sunt
706 3524 794 3570 ne
860 3501 1030 3571 mira
1100 3502 1417 3592 quidem,
1495 3503 1804 3582 insolita,
1876 3523 2083 3594 supra
2149 3512 2460 3571 naturam
2525 3499 2774 3571 huma-

482 3641 637 3689 nam
691 3620 910 3712 posita
961 3620 1136 3690 male
1183 3643 1310 3692 nos
1359 3622 1619 3693 habere
1676 3622 1955 3702 debent,
2016 3643 2242 3712 neque
2299 3621 2366 3688 in
2421 3642 2507 3689 eo
2554 3621 2774 3692 anxie

480 3760 563 3810 ac
622 3740 946 3830 religiose
984 3739 1428 3812 haerendum
1483 3755 1591 3815 est
1645 3767 1804 3813 num
1863 3742 2026 3833 quid
2072 3741 2160 3812 de
2217 3741 2503 3831 singulis
2547 3740 2634 3810 ad
2682 3762 2774 3811 ea

479 3875 657 3951 quae
727 3860 794 3928 in
863 3861 1348 3951 cogitationem
1415 3863 1670 3933 cadunt
1735 3863 2046 3932 revocari
2104 3860 2356 3954 possit3
2431 3860 2638 3950 idque
2697 3861 2773 3930 in

481 3978 610 4050 hac
655 3985 729 4049 re
784 4001 868 4049 eo
924 3981 1150 4058 minus
1205 3982 1392 4072 quod
1436 4005 1616 4051 unus
1672 3983 1802 4052 iste
1842 3982 2131 4052 duarum
2188 3980 2297 4050 vel
2348 3980 2549 4049 trium
2596 4001 2778 4049 ocu-

480 4100 590 4168 lus
631 4108 699 4168 et
751 4099 926 4170 dens
979 4123 1117 4170 non
1175 4123 1298 4194 pro
1351 4100 1679 4195 Aeschyli
1727 4112 1842 4170 aut
1885 4102 2061 4171 alius
2107 4099 2467 4171 cuiusdam
2517 4108 2777 4191 poetae

482 4218 802 4298 inventis,
862 4219 987 4289 sed
1034 4243 1159 4312 pro
1213 4222 1527 4312 vestigiis
1585 4222 1809 4314 potius
1865 4220 2071 4314 prisci
2122 4219 2212 4290 de
2249 4221 2487 4289 Graeis
2542 4217 2774 4310 mythi

477 4335 778 4409 habendi
830 4350 990 4410 sunt
1042 4359 1248 4430 quem
1308 4341 1651 4412 Hesiodus
1708 4362 1856 4428 non·
1901 4340 2191 4411 noverit.
