<?xml version="1.0" encoding="UTF-8"?>
<!DOCTYPE html PUBLIC "-//W3C//DTD XHTML 1.0 Transitional//EN"
    "http://www.w3.org/TR/xhtml1/DTD/xhtml1-transitional.dtd">
<html xmlns="http://www.w3.org/1999/xhtml" xml:lang="en" lang="en">
 <head>
  <title>
</title>
<meta http-equiv="Content-Type" content="text/html;charset=utf-8" />
  <meta name='ocr-system' content='tesseract 3.04.00' />
  <meta name='ocr-capabilities' content='ocr_page ocr_carea ocr_par ocr_line ocrx_word'/>
</head>
<body>
  <div class='ocr_page' id='page_1' title='image "./degraeis00gaedgoog_0010.png"; bbox 0 0 2970 5100; ppageno 0'>
   <div class='ocr_carea' id='block_1_1' title="bbox 1624 436 1670 505">
    <p class='ocr_par' dir='ltr' id='par_1_1' title="bbox 1624 436 1670 505">
     <span class='ocr_line' id='line_1_1' title="bbox 1624 436 1670 505; baseline 0 0"><span class='ocrx_word' id='word_1_1' title='bbox 1624 436 1670 505; x_wconf 76' lang='lat'>2</span> 
     </span>
    </p>
   </div>
   <div class='ocr_carea' id='block_1_2' title="bbox 480 639 2792 3480">
    <p class='ocr_par' dir='ltr' id='par_1_2' title="bbox 493 639 2782 854">
     <span class='ocr_line' id='line_1_2' title="bbox 496 639 2782 740; baseline 0.001 -31"><span class='ocrx_word' id='word_1_2' title='bbox 496 650 758 710; x_wconf 89' lang='lat' dir='ltr'>taturae</span> <span class='ocrx_word' id='word_1_3' title='bbox 813 640 1113 709; x_wconf 81' lang='lat' dir='ltr'><strong>maxime</strong></span> <span class='ocrx_word' id='word_1_4' title='bbox 1182 639 1593 711; x_wconf 87' lang='lat' dir='ltr'>defensione</span> <span class='ocrx_word' id='word_1_5' title='bbox 1658 641 2026 712; x_wconf 88' lang='lat' dir='ltr'>destitutae</span> <span class='ocrx_word' id='word_1_6' title='bbox 2094 651 2328 712; x_wconf 82' lang='lat' dir='ltr'>essent</span> <span class='ocrx_word' id='word_1_7' title='bbox 2396 642 2616 712; x_wconf 90' lang='lat' dir='ltr'>electo</span> <span class='ocrx_word' id='word_1_8' title='bbox 2656 641 2782 740; x_wconf 89' lang='lat'>¹¹),</span> 
     </span>
     <span class='ocr_line' id='line_1_3' title="bbox 493 758 2235 854; baseline 0.001 -25"><span class='ocrx_word' id='word_1_9' title='bbox 493 760 1136 854; x_wconf 77' lang='lat' dir='ltr'>appropinquasset,</span> <span class='ocrx_word' id='word_1_10' title='bbox 1206 759 1479 829; x_wconf 89' lang='lat' dir='ltr'>oculum</span> <span class='ocrx_word' id='word_1_11' title='bbox 1539 758 1956 852; x_wconf 73' lang='lat' dir='ltr'>dentemque</span> <span class='ocrx_word' id='word_1_12' title='bbox 2013 761 2235 853; x_wconf 88' lang='lat' dir='ltr'>eripit.</span> 
     </span>
    </p>

    <p class='ocr_par' dir='ltr' id='par_1_3' title="bbox 483 879 2792 2622">
     <span class='ocr_line' id='line_1_4' title="bbox 716 879 2792 972; baseline 0.001 -25"><span class='ocrx_word' id='word_1_13' title='bbox 716 879 835 949; x_wconf 89' lang='lat' dir='ltr'>His</span> <span class='ocrx_word' id='word_1_14' title='bbox 930 879 1278 972; x_wconf 81' lang='lat' dir='ltr'>rapiendis</span> <span class='ocrx_word' id='word_1_15' title='bbox 1365 879 1530 969; x_wconf 92' lang='lat' dir='ltr'>quid</span> <span class='ocrx_word' id='word_1_16' title='bbox 1615 880 1744 949; x_wconf 89' lang='lat' dir='ltr'>sibi</span> <span class='ocrx_word' id='word_1_17' title='bbox 1828 880 2123 949; x_wconf 83' lang='lat' dir='ltr'>voluerit</span> <span class='ocrx_word' id='word_1_18' title='bbox 2202 881 2496 950; x_wconf 88' lang='lat' dir='ltr'>Perseus</span> <span class='ocrx_word' id='word_1_19' title='bbox 2592 882 2792 950; x_wconf 90' lang='lat' dir='ltr'>varie</span> 
     </span>
     <span class='ocr_line' id='line_1_5' title="bbox 492 994 2791 1091; baseline 0.002 -26"><span class='ocrx_word' id='word_1_20' title='bbox 492 995 799 1067; x_wconf 80' lang='lat' dir='ltr'>traditur.</span> <span class='ocrx_word' id='word_1_21' title='bbox 908 997 1293 1091; x_wconf 75' lang='lat' dir='ltr'>Aeschylus</span> <span class='ocrx_word' id='word_1_22' title='bbox 1337 994 1430 1090; x_wconf 80' lang='lat'>¹2)</span> <span class='ocrx_word' id='word_1_23' title='bbox 1506 1000 1690 1089; x_wconf 89' lang='lat' dir='ltr'>iique</span> <span class='ocrx_word' id='word_1_24' title='bbox 1744 1000 1863 1089; x_wconf 88' lang='lat' dir='ltr'>qui</span> <span class='ocrx_word' id='word_1_25' title='bbox 1919 1021 2075 1068; x_wconf 91' lang='lat' dir='ltr'>eum</span> <span class='ocrx_word' id='word_1_26' title='bbox 2134 1012 2518 1089; x_wconf 91' lang='lat' dir='ltr'>sequuntur</span> <span class='ocrx_word' id='word_1_27' title='bbox 2558 998 2652 1089; x_wconf 83' lang='lat'>13)</span> <span class='ocrx_word' id='word_1_28' title='bbox 2712 1000 2791 1070; x_wconf 88' lang='lat' dir='ltr'>id</span> 
     </span>
     <span class='ocr_line' id='line_1_6' title="bbox 490 1116 2791 1207; baseline 0.002 -22"><span class='ocrx_word' id='word_1_29' title='bbox 490 1117 650 1186; x_wconf 91' lang='lat' dir='ltr'>facit</span> <span class='ocrx_word' id='word_1_30' title='bbox 703 1116 1032 1187; x_wconf 90' lang='lat' dir='ltr'>Perseum</span> <span class='ocrx_word' id='word_1_31' title='bbox 1088 1140 1293 1207; x_wconf 81' lang='lat' dir='ltr'>agere</span> <span class='ocrx_word' id='word_1_32' title='bbox 1352 1130 1467 1198; x_wconf 84' lang='lat' dir='ltr'>ut,</span> <span class='ocrx_word' id='word_1_33' title='bbox 1527 1142 1686 1188; x_wconf 86' lang='lat' dir='ltr'>cum</span> <span class='ocrx_word' id='word_1_34' title='bbox 1742 1120 2003 1188; x_wconf 84' lang='lat' dir='ltr'>Graeae</span> <span class='ocrx_word' id='word_1_35' title='bbox 2057 1120 2384 1189; x_wconf 78' lang='lat' dir='ltr'>custodes</span> <span class='ocrx_word' id='word_1_36' title='bbox 2433 1120 2566 1189; x_wconf 90' lang='lat' dir='ltr'>sint</span> <span class='ocrx_word' id='word_1_37' title='bbox 2613 1121 2791 1191; x_wconf 91' lang='lat' dir='ltr'>Gor-</span> 
     </span>
     <span class='ocr_line' id='line_1_7' title="bbox 488 1233 2789 1330; baseline 0.002 -25"><span class='ocrx_word' id='word_1_38' title='bbox 488 1257 745 1326; x_wconf 83' lang='lat' dir='ltr'>gonum</span> <span class='ocrx_word' id='word_1_39' title='bbox 778 1233 895 1330; x_wconf 57' lang='grc' dir='ltr'>ι4),</span> <span class='ocrx_word' id='word_1_40' title='bbox 955 1236 1080 1308; x_wconf 91' lang='lat' dir='ltr'>has</span> <span class='ocrx_word' id='word_1_41' title='bbox 1122 1239 1532 1318; x_wconf 77' lang='lat' dir='ltr'>sciscitetur,</span> <span class='ocrx_word' id='word_1_42' title='bbox 1591 1238 2054 1328; x_wconf 85' lang='lat' dir='ltr'>eundemque,</span> <span class='ocrx_word' id='word_1_43' title='bbox 2112 1238 2168 1308; x_wconf 90' lang='lat' dir='ltr'>si</span> <span class='ocrx_word' id='word_1_44' title='bbox 2212 1238 2342 1307; x_wconf 90' lang='lat' dir='ltr'>sibi</span> <span class='ocrx_word' id='word_1_45' title='bbox 2397 1239 2576 1308; x_wconf 74' lang='lat' dir='ltr'>viam</span> <span class='ocrx_word' id='word_1_46' title='bbox 2623 1240 2789 1310; x_wconf 89' lang='lat' dir='ltr'>illae</span> 
     </span>
     <span class='ocr_line' id='line_1_8' title="bbox 488 1357 2785 1451; baseline 0.002 -27"><span class='ocrx_word' id='word_1_47' title='bbox 488 1358 1047 1437; x_wconf 80' lang='lat' dir='ltr'>monstraverint,</span> <span class='ocrx_word' id='word_1_48' title='bbox 1113 1382 1291 1449; x_wconf 87' lang='lat' dir='ltr'>quae</span> <span class='ocrx_word' id='word_1_49' title='bbox 1353 1359 1658 1451; x_wconf 83' lang='lat' dir='ltr'>rapuerit</span> <span class='ocrx_word' id='word_1_50' title='bbox 1716 1380 1790 1427; x_wconf 90' lang='lat' dir='ltr'>se</span> <span class='ocrx_word' id='word_1_51' title='bbox 1849 1357 2318 1431; x_wconf 84' lang='lat' dir='ltr'>restituturum</span> <span class='ocrx_word' id='word_1_52' title='bbox 2376 1358 2785 1449; x_wconf 85' lang='lat' dir='ltr'>promittere</span> 
     </span>
     <span class='ocr_line' id='line_1_9' title="bbox 485 1476 2780 1569; baseline 0.001 -26"><span class='ocrx_word' id='word_1_53' title='bbox 485 1485 690 1566; x_wconf 89' lang='lat' dir='ltr'>atque</span> <span class='ocrx_word' id='word_1_54' title='bbox 743 1477 1165 1569; x_wconf 85' lang='lat' dir='ltr'>propositum</span> <span class='ocrx_word' id='word_1_55' title='bbox 1215 1500 1415 1546; x_wconf 92' lang='lat' dir='ltr'>suum</span> <span class='ocrx_word' id='word_1_56' title='bbox 1457 1478 1774 1567; x_wconf 80' lang='lat' dir='ltr'>assequi3</span> <span class='ocrx_word' id='word_1_57' title='bbox 1833 1476 1920 1546; x_wconf 90' lang='lat' dir='ltr'>de</span> <span class='ocrx_word' id='word_1_58' title='bbox 1956 1497 2087 1566; x_wconf 88' lang='lat' dir='ltr'>qua</span> <span class='ocrx_word' id='word_1_59' title='bbox 2130 1477 2412 1567; x_wconf 86' lang='lat' dir='ltr'>quidem</span> <span class='ocrx_word' id='word_1_60' title='bbox 2450 1477 2780 1557; x_wconf 84' lang='lat' dir='ltr'>reetiam</span> 
     </span>
     <span class='ocr_line' id='line_1_10' title="bbox 487 1588 2779 1687; baseline 0.002 -25"><span class='ocrx_word' id='word_1_61' title='bbox 487 1593 556 1665; x_wconf 91' lang='lat' dir='ltr'>id</span> <span class='ocrx_word' id='word_1_62' title='bbox 613 1595 680 1664; x_wconf 94' lang='lat' dir='ltr'>in</span> <span class='ocrx_word' id='word_1_63' title='bbox 745 1594 974 1665; x_wconf 90' lang='lat' dir='ltr'>fabula</span> <span class='ocrx_word' id='word_1_64' title='bbox 1042 1596 1348 1665; x_wconf 89' lang='lat' dir='ltr'>additum</span> <span class='ocrx_word' id='word_1_65' title='bbox 1416 1597 1761 1665; x_wconf 68' lang='lat' dir='ltr'>invenitur</span> <span class='ocrx_word' id='word_1_66' title='bbox 1833 1588 2016 1687; x_wconf 71' lang='lat' dir='ltr'>q&#39;uod</span> <span class='ocrx_word' id='word_1_67' title='bbox 2083 1606 2371 1666; x_wconf 88' lang='lat' dir='ltr'>mortem</span> <span class='ocrx_word' id='word_1_68' title='bbox 2442 1596 2590 1665; x_wconf 89' lang='lat' dir='ltr'>istis</span> <span class='ocrx_word' id='word_1_69' title='bbox 2646 1597 2779 1666; x_wconf 90' lang='lat' dir='ltr'>mi-</span> 
     </span>
     <span class='ocr_line' id='line_1_11' title="bbox 486 1713 2784 1808; baseline 0.002 -26"><span class='ocrx_word' id='word_1_70' title='bbox 486 1724 687 1784; x_wconf 88' lang='lat' dir='ltr'>natus</span> <span class='ocrx_word' id='word_1_71' title='bbox 756 1716 843 1786; x_wconf 89' lang='lat' dir='ltr'>sit</span> <span class='ocrx_word' id='word_1_72' title='bbox 880 1713 1000 1805; x_wconf 80' lang='lat'>¹5),</span> <span class='ocrx_word' id='word_1_73' title='bbox 1059 1760 1154 1769; x_wconf 91' lang='grc'>-</span> <span class='ocrx_word' id='word_1_74' title='bbox 1226 1717 1443 1785; x_wconf 90' lang='lat' dir='ltr'>maior</span> <span class='ocrx_word' id='word_1_75' title='bbox 1513 1717 1770 1786; x_wconf 81' lang='lat' dir='ltr'>scilicet</span> <span class='ocrx_word' id='word_1_76' title='bbox 1842 1737 1995 1808; x_wconf 84' lang='lat' dir='ltr'>pars</span> <span class='ocrx_word' id='word_1_77' title='bbox 2065 1716 2360 1783; x_wconf 83' lang='lat' dir='ltr'>familiae</span> <span class='ocrx_word' id='word_1_78' title='bbox 2425 1713 2784 1808; x_wconf 84' lang='lat' dir='ltr'>Phorcyos</span> 
     </span>
     <span class='ocr_line' id='line_1_12' title="bbox 487 1831 2783 1931; baseline 0 -28"><span class='ocrx_word' id='word_1_79' title='bbox 487 1835 810 1906; x_wconf 85' lang='lat' dir='ltr'>mortales</span> <span class='ocrx_word' id='word_1_80' title='bbox 865 1846 1043 1907; x_wconf 87' lang='lat' dir='ltr'>sunt.</span> <span class='ocrx_word' id='word_1_81' title='bbox 1163 1836 1229 1902; x_wconf 89' lang='lat' dir='ltr'>Si</span> <span class='ocrx_word' id='word_1_82' title='bbox 1299 1848 1526 1904; x_wconf 88' lang='lat' dir='ltr'>autem</span> <span class='ocrx_word' id='word_1_83' title='bbox 1598 1858 1675 1903; x_wconf 90' lang='lat' dir='ltr'>ca</span> <span class='ocrx_word' id='word_1_84' title='bbox 1736 1834 2144 1905; x_wconf 83' lang='lat' dir='ltr'>narrationis</span> <span class='ocrx_word' id='word_1_85' title='bbox 2215 1835 2498 1904; x_wconf 88' lang='lat' dir='ltr'>mutatio</span> <span class='ocrx_word' id='word_1_86' title='bbox 2571 1831 2641 1903; x_wconf 86' lang='lat' dir='ltr'>fit</span> <span class='ocrx_word' id='word_1_87' title='bbox 2685 1833 2783 1931; x_wconf 78' lang='lat'>¹⁶)</span> 
     </span>
     <span class='ocr_line' id='line_1_13' title="bbox 485 1954 2784 2047; baseline 0.002 -25"><span class='ocrx_word' id='word_1_88' title='bbox 485 1962 558 2022; x_wconf 90' lang='lat' dir='ltr'>ut</span> <span class='ocrx_word' id='word_1_89' title='bbox 613 1974 698 2023; x_wconf 90' lang='lat' dir='ltr'>eo</span> <span class='ocrx_word' id='word_1_90' title='bbox 752 1975 958 2045; x_wconf 90' lang='lat' dir='ltr'>quem</span> <span class='ocrx_word' id='word_1_91' title='bbox 1004 1956 1302 2047; x_wconf 87' lang='lat' dir='ltr'>rapuerit</span> <span class='ocrx_word' id='word_1_92' title='bbox 1343 1956 1544 2025; x_wconf 91' lang='lat' dir='ltr'>oculo</span> <span class='ocrx_word' id='word_1_93' title='bbox 1589 1957 1656 2024; x_wconf 87' lang='lat' dir='ltr'>in</span> <span class='ocrx_word' id='word_1_94' title='bbox 1697 1954 2117 2024; x_wconf 84' lang='lat' dir='ltr'>Tritonidem</span> <span class='ocrx_word' id='word_1_95' title='bbox 2163 1955 2362 2034; x_wconf 88' lang='lat' dir='ltr'>iact0,</span> <span class='ocrx_word' id='word_1_96' title='bbox 2421 1977 2574 2023; x_wconf 89' lang='lat' dir='ltr'>cum</span> <span class='ocrx_word' id='word_1_97' title='bbox 2623 1977 2784 2026; x_wconf 90' lang='lat' dir='ltr'>cae-</span> 
     </span>
     <span class='ocr_line' id='line_1_14' title="bbox 484 2073 2777 2166; baseline 0 -23"><span class='ocrx_word' id='word_1_98' title='bbox 484 2093 607 2143; x_wconf 88' lang='lat' dir='ltr'>cae</span> <span class='ocrx_word' id='word_1_99' title='bbox 664 2073 978 2144; x_wconf 85' lang='lat' dir='ltr'>redditae</span> <span class='ocrx_word' id='word_1_100' title='bbox 1035 2075 1170 2144; x_wconf 88' lang='lat' dir='ltr'>sint</span> <span class='ocrx_word' id='word_1_101' title='bbox 1226 2074 1577 2153; x_wconf 87' lang='lat' dir='ltr'>custodes,</span> <span class='ocrx_word' id='word_1_102' title='bbox 1621 2075 1850 2145; x_wconf 85' lang='lat' dir='ltr'>-t&#39;acile</span> <span class='ocrx_word' id='word_1_103' title='bbox 1906 2075 2264 2164; x_wconf 81' lang='lat' dir='ltr'>Gorgonas</span> <span class='ocrx_word' id='word_1_104' title='bbox 2315 2076 2777 2166; x_wconf 85' lang='lat' dir='ltr'>superaverit,</span> 
     </span>
     <span class='ocr_line' id='line_1_15' title="bbox 483 2193 2780 2285; baseline 0.002 -25"><span class='ocrx_word' id='word_1_105' title='bbox 483 2214 769 2285; x_wconf 88' lang='lat' dir='ltr'>prorsus</span> <span class='ocrx_word' id='word_1_106' title='bbox 819 2216 899 2264; x_wconf 91' lang='lat' dir='ltr'>ea</span> <span class='ocrx_word' id='word_1_107' title='bbox 960 2216 1070 2263; x_wconf 90' lang='lat' dir='ltr'>res</span> <span class='ocrx_word' id='word_1_108' title='bbox 1124 2205 1228 2262; x_wconf 89' lang='lat' dir='ltr'>est</span> <span class='ocrx_word' id='word_1_109' title='bbox 1284 2194 1475 2263; x_wconf 83' lang='lat' dir='ltr'>vilis:</span> <span class='ocrx_word' id='word_1_110' title='bbox 1537 2215 1669 2284; x_wconf 82' lang='lat' dir='ltr'>qua</span> <span class='ocrx_word' id='word_1_111' title='bbox 1728 2203 1861 2263; x_wconf 88' lang='lat' dir='ltr'>tota</span> <span class='ocrx_word' id='word_1_112' title='bbox 1920 2206 2351 2263; x_wconf 84' lang='lat' dir='ltr'>everteretur</span> <span class='ocrx_word' id='word_1_113' title='bbox 2398 2193 2647 2274; x_wconf 88' lang='lat' dir='ltr'>fabula,</span> <span class='ocrx_word' id='word_1_114' title='bbox 2706 2195 2780 2265; x_wconf 90' lang='lat' dir='ltr'>in</span> 
     </span>
     <span class='ocr_line' id='line_1_16' title="bbox 486 2310 2778 2402; baseline 0.002 -23"><span class='ocrx_word' id='word_1_115' title='bbox 486 2332 621 2402; x_wconf 91' lang='lat' dir='ltr'>qua</span> <span class='ocrx_word' id='word_1_116' title='bbox 680 2314 877 2384; x_wconf 90' lang='lat' dir='ltr'>unica</span> <span class='ocrx_word' id='word_1_117' title='bbox 937 2323 1043 2383; x_wconf 92' lang='lat' dir='ltr'>est</span> <span class='ocrx_word' id='word_1_118' title='bbox 1101 2332 1214 2380; x_wconf 88' lang='lat' dir='ltr'>res</span> <span class='ocrx_word' id='word_1_119' title='bbox 1270 2310 1567 2382; x_wconf 84' lang='lat' dir='ltr'>difficilis</span> <span class='ocrx_word' id='word_1_120' title='bbox 1630 2315 1964 2384; x_wconf 88' lang='lat' dir='ltr'>vincenda</span> <span class='ocrx_word' id='word_1_121' title='bbox 2011 2313 2319 2392; x_wconf 84' lang='lat' dir='ltr'>Medusa,</span> <span class='ocrx_word' id='word_1_122' title='bbox 2379 2314 2639 2384; x_wconf 90' lang='lat' dir='ltr'>Graeae</span> <span class='ocrx_word' id='word_1_123' title='bbox 2685 2316 2778 2383; x_wconf 89' lang='lat' dir='ltr'>ita</span> 
     </span>
     <span class='ocr_line' id='line_1_17' title="bbox 487 2420 2778 2526; baseline 0.001 -26"><span class='ocrx_word' id='word_1_124' title='bbox 487 2438 900 2523; x_wconf 86' lang='lat' dir='ltr'>superantur</span> <span class='ocrx_word' id='word_1_125' title='bbox 967 2443 1038 2500; x_wconf 90' lang='lat' dir='ltr'>ut</span> <span class='ocrx_word' id='word_1_126' title='bbox 1107 2442 1427 2523; x_wconf 89' lang='lat' dir='ltr'>tanquam</span> <span class='ocrx_word' id='word_1_127' title='bbox 1499 2420 2091 2526; x_wconf 61' lang='lat' dir='ltr'>impedimentum⁴</span> <span class='ocrx_word' id='word_1_128' title='bbox 2131 2432 2476 2524; x_wconf 91' lang='lat' dir='ltr'>quoddam</span> <span class='ocrx_word' id='word_1_129' title='bbox 2560 2434 2778 2503; x_wconf 89' lang='lat' dir='ltr'>multo</span> 
     </span>
     <span class='ocr_line' id='line_1_18' title="bbox 484 2548 1272 2622; baseline 0.003 -4"><span class='ocrx_word' id='word_1_130' title='bbox 484 2548 709 2620; x_wconf 91' lang='lat' dir='ltr'>levius</span> <span class='ocrx_word' id='word_1_131' title='bbox 762 2561 924 2622; x_wconf 91' lang='lat' dir='ltr'>ante</span> <span class='ocrx_word' id='word_1_132' title='bbox 977 2552 1272 2621; x_wconf 88' lang='lat' dir='ltr'>tollatur.</span> 
     </span>
    </p>

    <p class='ocr_par' dir='ltr' id='par_1_4' title="bbox 480 2668 2784 3480">
     <span class='ocr_line' id='line_1_19' title="bbox 692 2668 2780 2764; baseline 0.002 -25"><span class='ocrx_word' id='word_1_133' title='bbox 692 2668 941 2740; x_wconf 87' lang='lat' dir='ltr'>Contra</span> <span class='ocrx_word' id='word_1_134' title='bbox 1015 2671 1132 2740; x_wconf 91' lang='lat' dir='ltr'>alii</span> <span class='ocrx_word' id='word_1_135' title='bbox 1173 2670 1272 2764; x_wconf 83' lang='lat'>1⁷)</span> <span class='ocrx_word' id='word_1_136' title='bbox 1350 2670 1679 2743; x_wconf 88' lang='lat' dir='ltr'>custodes</span> <span class='ocrx_word' id='word_1_137' title='bbox 1752 2671 2146 2761; x_wconf 84' lang='lat' dir='ltr'>Gorgonum</span> <span class='ocrx_word' id='word_1_138' title='bbox 2224 2671 2483 2741; x_wconf 91' lang='lat' dir='ltr'>Graeas</span> <span class='ocrx_word' id='word_1_139' title='bbox 2559 2671 2780 2742; x_wconf 79' lang='lat' dir='ltr'>fuisse</span> 
     </span>
     <span class='ocr_line' id='line_1_20' title="bbox 483 2788 2779 2885; baseline 0.001 -27"><span class='ocrx_word' id='word_1_140' title='bbox 483 2810 623 2859; x_wconf 91' lang='lat' dir='ltr'>non</span> <span class='ocrx_word' id='word_1_141' title='bbox 694 2800 1081 2862; x_wconf 89' lang='lat' dir='ltr'>memorant</span> <span class='ocrx_word' id='word_1_142' title='bbox 1136 2793 1606 2883; x_wconf 89' lang='lat' dir='ltr'>Perseumque</span> <span class='ocrx_word' id='word_1_143' title='bbox 1663 2801 1941 2885; x_wconf 91' lang='lat' dir='ltr'>propter</span> <span class='ocrx_word' id='word_1_144' title='bbox 1996 2788 2064 2860; x_wconf 91' lang='lat' dir='ltr'>id</span> <span class='ocrx_word' id='word_1_145' title='bbox 2122 2799 2381 2858; x_wconf 87' lang='lat' dir='ltr'>tantum</span> <span class='ocrx_word' id='word_1_146' title='bbox 2435 2810 2555 2860; x_wconf 89' lang='lat' dir='ltr'>eas</span> <span class='ocrx_word' id='word_1_147' title='bbox 2610 2812 2779 2860; x_wconf 90' lang='lat' dir='ltr'>con-</span> 
     </span>
     <span class='ocr_line' id='line_1_21' title="bbox 480 2908 2782 3001; baseline 0.001 -24"><span class='ocrx_word' id='word_1_148' title='bbox 480 2908 723 2981; x_wconf 88' lang='lat' dir='ltr'>venire</span> <span class='ocrx_word' id='word_1_149' title='bbox 803 2910 1060 2981; x_wconf 87' lang='lat' dir='ltr'>faciunt</span> <span class='ocrx_word' id='word_1_150' title='bbox 1146 2922 1218 2980; x_wconf 89' lang='lat' dir='ltr'>ut</span> <span class='ocrx_word' id='word_1_151' title='bbox 1286 2932 1376 2981; x_wconf 87' lang='lat' dir='ltr'>ex</span> <span class='ocrx_word' id='word_1_152' title='bbox 1462 2911 1545 2980; x_wconf 90' lang='lat' dir='ltr'>iis</span> <span class='ocrx_word' id='word_1_153' title='bbox 1624 2909 2000 3001; x_wconf 90' lang='lat' dir='ltr'>comperiat</span> <span class='ocrx_word' id='word_1_154' title='bbox 2071 2908 2255 3000; x_wconf 91' lang='lat' dir='ltr'>quod</span> <span class='ocrx_word' id='word_1_155' title='bbox 2326 2908 2411 2978; x_wconf 90' lang='lat' dir='ltr'>sit</span> <span class='ocrx_word' id='word_1_156' title='bbox 2483 2909 2608 2978; x_wconf 92' lang='lat' dir='ltr'>iter</span> <span class='ocrx_word' id='word_1_157' title='bbox 2686 2911 2782 2980; x_wconf 91' lang='lat' dir='ltr'>ad</span> 
     </span>
     <span class='ocr_line' id='line_1_22' title="bbox 483 3025 2784 3123; baseline 0.002 -27"><span class='ocrx_word' id='word_1_158' title='bbox 483 3025 823 3123; x_wconf 81' lang='lat' dir='ltr'>nymphas</span> <span class='ocrx_word' id='word_1_159' title='bbox 899 3050 1080 3122; x_wconf 87' lang='lat' dir='ltr'>quae</span> <span class='ocrx_word' id='word_1_160' title='bbox 1161 3032 1426 3123; x_wconf 83' lang='lat' dir='ltr'>galeam</span> <span class='ocrx_word' id='word_1_161' title='bbox 1496 3028 1836 3108; x_wconf 90' lang='lat' dir='ltr'>Plutonis,</span> <span class='ocrx_word' id='word_1_162' title='bbox 1922 3049 2190 3123; x_wconf 91' lang='lat' dir='ltr'>peram,</span> <span class='ocrx_word' id='word_1_163' title='bbox 2268 3028 2495 3099; x_wconf 91' lang='lat' dir='ltr'>soleas</span> <span class='ocrx_word' id='word_1_164' title='bbox 2561 3030 2784 3100; x_wconf 90' lang='lat' dir='ltr'>alatas</span> 
     </span>
     <span class='ocr_line' id='line_1_23' title="bbox 483 3147 2784 3240; baseline 0 -23"><span class='ocrx_word' id='word_1_165' title='bbox 483 3148 923 3240; x_wconf 88' lang='lat' dir='ltr'>possideant;</span> <span class='ocrx_word' id='word_1_166' title='bbox 983 3149 1154 3221; x_wconf 89' lang='lat' dir='ltr'>haec</span> <span class='ocrx_word' id='word_1_167' title='bbox 1207 3161 1436 3221; x_wconf 89' lang='lat' dir='ltr'>autem</span> <span class='ocrx_word' id='word_1_168' title='bbox 1491 3149 1579 3217; x_wconf 90' lang='lat' dir='ltr'>illi</span> <span class='ocrx_word' id='word_1_169' title='bbox 1636 3147 1724 3217; x_wconf 89' lang='lat' dir='ltr'>ad</span> <span class='ocrx_word' id='word_1_170' title='bbox 1777 3149 2117 3237; x_wconf 83' lang='lat' dir='ltr'>Gorgonis</span> <span class='ocrx_word' id='word_1_171' title='bbox 2164 3159 2371 3240; x_wconf 92' lang='lat' dir='ltr'>caput</span> <span class='ocrx_word' id='word_1_172' title='bbox 2415 3149 2784 3239; x_wconf 90' lang='lat' dir='ltr'>acquiren-</span> 
     </span>
     <span class='ocr_line' id='line_1_24' title="bbox 480 3251 2783 3360; baseline 0 -25"><span class='ocrx_word' id='word_1_173' title='bbox 480 3264 646 3336; x_wconf 89' lang='lat' dir='ltr'>dum</span> <span class='ocrx_word' id='word_1_174' title='bbox 712 3269 1105 3341; x_wconf 88' lang='lat' dir='ltr'>necessaria</span> <span class='ocrx_word' id='word_1_175' title='bbox 1175 3280 1368 3350; x_wconf 89' lang='lat' dir='ltr'>sunt,</span> <span class='ocrx_word' id='word_1_176' title='bbox 1437 3288 1643 3360; x_wconf 92' lang='lat' dir='ltr'>quam</span> <span class='ocrx_word' id='word_1_177' title='bbox 1713 3268 1993 3359; x_wconf 82' lang='lat' dir='ltr'>quidem</span> <span class='ocrx_word' id='word_1_178' title='bbox 2063 3289 2205 3336; x_wconf 90' lang='lat' dir='ltr'>rem</span> <span class='ocrx_word' id='word_1_179' title='bbox 2275 3267 2362 3334; x_wconf 87' lang='lat' dir='ltr'>ita</span> <span class='ocrx_word' id='word_1_180' title='bbox 2429 3277 2501 3335; x_wconf 89' lang='lat' dir='ltr'>ut</span> <span class='ocrx_word' id='word_1_181' title='bbox 2570 3251 2783 3360; x_wconf 80' lang='lat' dir='ltr'>supra</span> 
     </span>
     <span class='ocr_line' id='line_1_25' title="bbox 482 3386 1539 3480; baseline 0.002 -26"><span class='ocrx_word' id='word_1_182' title='bbox 482 3386 616 3455; x_wconf 87' lang='lat' dir='ltr'>iam</span> <span class='ocrx_word' id='word_1_183' title='bbox 672 3388 1016 3478; x_wconf 84' lang='lat' dir='ltr'>tetigimus</span> <span class='ocrx_word' id='word_1_184' title='bbox 1072 3389 1539 3480; x_wconf 84' lang='lat' dir='ltr'>consequitur.</span> 
     </span>
    </p>
   </div>
   <div class='ocr_carea' id='block_1_3' title="bbox 864 3750 2380 3985">
    <p class='ocr_par' dir='ltr' id='par_1_5' title="bbox 864 3750 2380 3985">
     <span class='ocr_line' id='line_1_26' title="bbox 1500 3750 1749 3845; baseline 0.004 -23"><span class='ocrx_word' id='word_1_185' title='bbox 1500 3750 1568 3845; x_wconf 57' lang='grc' dir='ltr'>ᾗ.</span> <span class='ocrx_word' id='word_1_186' title='bbox 1677 3752 1749 3823; x_wconf 76' lang='lat'>2.</span> 
     </span>
     <span class='ocr_line' id='line_1_27' title="bbox 864 3899 2380 3985; baseline 0.003 -21"><span class='ocrx_word' id='word_1_187' title='bbox 864 3899 979 3964; x_wconf 85' lang='lat' dir='ltr'>De</span> <span class='ocrx_word' id='word_1_188' title='bbox 1020 3899 1291 3967; x_wconf 75' lang='lat' dir='ltr'>Graets</span> <span class='ocrx_word' id='word_1_189' title='bbox 1332 3903 1733 3970; x_wconf 79' lang='lat' dir='ltr'>Hesiodeis</span> <span class='ocrx_word' id='word_1_190' title='bbox 1779 3904 1858 3969; x_wconf 81' lang='lat' dir='ltr'>et</span> <span class='ocrx_word' id='word_1_191' title='bbox 1900 3904 2380 3985; x_wconf 75' lang='lat' dir='ltr'>Aeschyleis.</span> 
     </span>
    </p>
   </div>
   <div class='ocr_carea' id='block_1_4' title="bbox 478 4093 2787 4427">
    <p class='ocr_par' dir='ltr' id='par_1_6' title="bbox 478 4093 2787 4427">
     <span class='ocr_line' id='line_1_28' title="bbox 686 4093 2782 4191; baseline 0.004 -27"><span class='ocrx_word' id='word_1_192' title='bbox 686 4093 1026 4168; x_wconf 82' lang='lat' dir='ltr'>Auctores</span> <span class='ocrx_word' id='word_1_193' title='bbox 1081 4107 1241 4166; x_wconf 88' lang='lat' dir='ltr'>sunt</span> <span class='ocrx_word' id='word_1_194' title='bbox 1306 4098 1370 4166; x_wconf 94' lang='lat' dir='ltr'>in</span> <span class='ocrx_word' id='word_1_195' title='bbox 1428 4095 1611 4169; x_wconf 90' lang='lat' dir='ltr'>hunc</span> <span class='ocrx_word' id='word_1_196' title='bbox 1687 4098 1994 4191; x_wconf 82' lang='lat' dir='ltr'>mythum</span> <span class='ocrx_word' id='word_1_197' title='bbox 2052 4100 2168 4191; x_wconf 88' lang='lat' dir='ltr'>qui</span> <span class='ocrx_word' id='word_1_198' title='bbox 2224 4112 2331 4171; x_wconf 86' lang='lat' dir='ltr'>est</span> <span class='ocrx_word' id='word_1_199' title='bbox 2384 4100 2473 4170; x_wconf 92' lang='lat' dir='ltr'>de</span> <span class='ocrx_word' id='word_1_200' title='bbox 2529 4101 2782 4172; x_wconf 87' lang='lat' dir='ltr'>Graeis</span> 
     </span>
     <span class='ocr_line' id='line_1_29' title="bbox 478 4214 2786 4310; baseline 0.003 -28"><span class='ocrx_word' id='word_1_201' title='bbox 478 4215 548 4283; x_wconf 90' lang='lat' dir='ltr'>in</span> <span class='ocrx_word' id='word_1_202' title='bbox 604 4214 839 4307; x_wconf 91' lang='lat' dir='ltr'>primis</span> <span class='ocrx_word' id='word_1_203' title='bbox 892 4215 1237 4285; x_wconf 89' lang='lat' dir='ltr'>Hesiodus</span> <span class='ocrx_word' id='word_1_204' title='bbox 1293 4228 1359 4285; x_wconf 88' lang='lat' dir='ltr'>et</span> <span class='ocrx_word' id='word_1_205' title='bbox 1412 4216 1826 4310; x_wconf 84' lang='lat' dir='ltr'>Aeschylus.</span> <span class='ocrx_word' id='word_1_206' title='bbox 1941 4220 2053 4288; x_wconf 90' lang='lat' dir='ltr'>llle</span> <span class='ocrx_word' id='word_1_207' title='bbox 2110 4219 2198 4287; x_wconf 91' lang='lat' dir='ltr'>ab</span> <span class='ocrx_word' id='word_1_208' title='bbox 2242 4220 2327 4289; x_wconf 88' lang='lat' dir='ltr'>iis</span> <span class='ocrx_word' id='word_1_209' title='bbox 2385 4240 2786 4289; x_wconf 88' lang='lat' dir='ltr'>memoran-</span> 
     </span>
     <span class='ocr_line' id='line_1_30' title="bbox 478 4332 2787 4427; baseline 0.003 -24"><span class='ocrx_word' id='word_1_210' title='bbox 478 4332 588 4403; x_wconf 89' lang='lat' dir='ltr'>dis</span> <span class='ocrx_word' id='word_1_211' title='bbox 654 4345 918 4426; x_wconf 87' lang='lat' dir='ltr'>partem</span> <span class='ocrx_word' id='word_1_212' title='bbox 996 4335 1180 4403; x_wconf 86' lang='lat' dir='ltr'>illam</span> <span class='ocrx_word' id='word_1_213' title='bbox 1250 4335 1451 4406; x_wconf 87' lang='lat' dir='ltr'>valde</span> <span class='ocrx_word' id='word_1_214' title='bbox 1528 4338 1727 4407; x_wconf 89' lang='lat' dir='ltr'>nobis</span> <span class='ocrx_word' id='word_1_215' title='bbox 1793 4338 2284 4410; x_wconf 89' lang='lat' dir='ltr'>attendendam</span> <span class='ocrx_word' id='word_1_216' title='bbox 2354 4336 2787 4427; x_wconf 79' lang='lat' dir='ltr'>theogoniae</span> 
     </span>
    </p>
   </div>
  </div>
 </body>
</html>
