2970 5100
1633 429 1728 499 34

739 630 925 699 Alias
980 631 1351 700 Graearum
1408 654 1564 701 cnm
1617 632 1873 702 Perseo
1935 652 2216 722 prorsus
2284 628 2584 700 humane
2651 628 2831 720 figu-

535 761 830 821 ratarum
892 751 1222 839 imagines
1278 772 1411 820 non
1470 749 1694 821 habeo
1749 750 2178 833 afferendas3
2235 771 2478 819 verum
2525 747 2635 818 hic
2676 771 2830 818 am-

535 871 691 962 plus
789 880 1389 939 monumentorum
1462 875 1799 941 'numerus
1868 871 1930 939 in
1999 892 2283 939 censum
2362 869 2550 937 venit
2641 890 2830 959 quae

533 1009 652 1058 eas
726 989 792 1057 in
853 989 957 1058 illa
1015 989 1239 1057 fabula
1297 990 1529 1058 avium
1583 990 1993 1081 corporibus
2048 1000 2115 1058 et
2169 986 2509 1080 capitibus
2567 988 2830 1079 puella-

533 1130 682 1178 rum
739 1108 1154 1200 compositas
1203 1105 1481 1197 fingant,
1542 1130 1714 1199 quas
1771 1107 2142 1177 Panofka
2198 1107 2453 1176 Graeas
2499 1128 2659 1176 esse
2708 1129 2829 1176 vo-

530 1226 689 1303 luit,
767 1239 990 1296 tamen
1048 1228 1386 1297 acerrime
1441 1238 1676 1297 contra
1735 1225 2225 1298 contendendo
2279 1225 2557 1314 negavit
2611 1225 2827 1295 Wie-

532 1345 784 1413 seler.
878 1347 979 1415 Ac
1018 1348 1305 1438 primum
1355 1346 1634 1436 quidem
1684 1367 2001 1436 gemmae
2052 1366 2299 1416 caesae
2344 1344 2830 1436 respiciendae

532 1475 714 1543 sunt,
772 1485 952 1554 quae
1005 1465 1185 1537 illam
1237 1487 1380 1534 rem
1438 1467 1581 1557 pari
1642 1488 1855 1559 prope
1908 1488 2150 1535 omnes
2193 1463 2425 1542 modo,
2483 1475 2694 1544 certe,
2759 1464 2829 1535 id

530 1582 716 1671 quod
773 1594 1061 1663 constat,
1119 1605 1209 1653 ex
1265 1596 1451 1654 certa
1509 1606 1588 1655 ac
1644 1585 1870 1655 stabili
1922 1585 2188 1653 ratione
2243 1594 2582 1676 repetunt.

734 1751 786 1819 E
842 1754 1097 1843 quibus
1153 1754 1239 1824 ad
1299 1753 1425 1825 hoc
1480 1764 1751 1848 tempus
1807 1752 1935 1824 hae
1991 1752 2152 1822 mihi
2212 1764 2370 1823 sunt
2428 1763 2651 1822 notae.

620 1896 671 1971 1)
720 1899 920 1968 Figura
973 1917 1004 1954 e
1051 1903 1220 1971 cycni
1268 1917 1516 1972 corpore
1564 1908 1620 1955 et
1666 1901 1900 1972 puellae
1948 1902 2136 1970 capite
2184 1899 2357 1970 longe
2404 1901 2608 1954 crinito
2654 1917 2832 1955 com-

526 2001 728 2068 posita,
778 2000 850 2055 ab
898 2001 1137 2073 obliquo
1186 2004 1331 2069 ficta,
1386 2019 1523 2074 prae
1572 2019 1705 2072 qua,
1760 2003 2016 2073 paullum
2066 2002 2135 2055 ad
2186 2017 2311 2056 eam
2359 2004 2685 2069 inclinatae,
2741 2006 2832 2059 vir

527 2101 721 2156 nudus
769 2103 1064 2169 imberbiS,
1113 2108 1280 2161 cuius
1326 2106 1588 2175 chlamys
1634 2120 1812 2175 super
1858 2105 2095 2159 sinistro
2139 2104 2385 2158 humero
2430 2106 2666 2176 pendet,
2719 2123 2832 2161 ca-
2937 2122 2938 2125 ’

525 2208 629 2273 put
672 2209 888 2260 tectum
933 2213 1023 2262 est
1066 2208 1246 2278 pileo,
1317 2209 1373 2262 in
1423 2223 1495 2261 eo
1541 2213 1861 2277 occupatus
1913 2211 2000 2261 est
2056 2210 2120 2260 ut
2164 2206 2326 2261 laeva
2373 2213 2547 2278 atque
2593 2211 2828 2263 intento

526 2307 828 2363 oculorum
874 2309 1081 2364 obtutu
1120 2312 1372 2380 sincipiti
1407 2312 1534 2365 eius
1572 2309 1785 2379 aliquid
1835 2309 2115 2375 intendat,
2163 2308 2301 2363 dum
2350 2312 2526 2365 altera
2576 2311 2830 2367 fortasse

525 2424 701 2464 manu
746 2417 922 2481 caput
968 2412 1186 2481 figurae
1232 2418 1405 2468 tenet.
1514 2412 1753 2467 Gemma
1803 2427 1972 2467 caesa
2017 2412 2200 2467 Musei
2245 2412 2382 2482 Reg.
2429 2413 2645 2478 Berol.,
2711 2412 2830 2468 de-

523 2512 672 2582 picta
706 2512 861 2584 apud
895 2514 1281 2570 Panofkam
1324 2516 1665 2585 (Verlegene
1699 2515 1952 2586 Mytilen.
2009 2516 2073 2570 ln
2108 2519 2499 2570 commentatt.
2530 2530 2651 2570 soc.
2680 2515 2826 2587 Reg.

523 2615 706 2669 Berol.
742 2632 821 2671 sc.
859 2618 1163 2687 philshist.
1197 2618 1264 2671 cl.
1323 2620 1500 2672 1846.
1551 2616 1664 2678 tab.
1700 2619 1735 2671 1.
1772 2632 1828 2671 n.
1864 2621 1881 2670 1
1942 2623 1998 2671 et
2044 2617 2384 2672 Creuzeri
2431 2617 2619 2688 symb.
2658 2620 2722 2673 11.
2787 2622 2824 2673 1.

524 2718 637 2771 tab.
666 2719 747 2772 VI.
784 2734 841 2773 n.
876 2723 972 2785 25,
1008 2737 1064 2790 p.
1092 2712 1252 2795 203),
1303 2720 1630 2775 secundum
1666 2719 2339 2774 Winckelmannum
2375 2713 2680 2794 (Descript.
2719 2720 2828 2775 des

522 2822 694 2890 pierr.
743 2837 824 2890 gr.
874 2821 929 2876 d.
978 2823 1011 2877 f.
1061 2822 1115 2876 B.
1164 2820 1369 2877 Stosch
1419 2824 1481 2877 11.
1531 2823 1665 2876 VIII.
1730 2837 1785 2874 n.
1845 2821 2016 2890 407):
2087 2821 2385 2887 „Mercur,
2455 2823 2586 2877 eine
2648 2823 2827 2893 Figur

523 2922 783 2986 bildend,
832 2923 1011 2982 deren
1063 2926 1287 2995 Korper
1334 2924 1453 2979 und
1505 2925 1636 2978 Hals
1681 2925 1875 2978 einem
1910 2923 2202 2979 Schwane
2247 2925 2483 2990 alineln,
2532 2926 2657 2979 und
2709 2926 2823 2980 de·

523 3040 632 3079 ren
678 3026 832 3096 Kopi
887 3027 981 3080 ein
1041 3027 1631 3082 halbverschleierter
1686 3027 2169 3097 Madchenkopf“,
2237 3027 2509 3081 Tolken
2562 3021 2821 3102 (Erkliir.

522 3128 861 3184 Verzeichn.
912 3128 966 3182 d.
1015 3135 1130 3184 ant.
1181 3130 1406 3203 vertieft
1450 3130 1689 3199 geschn.
1727 3128 1923 3183 Stein'e
1972 3128 2024 3182 d.
2060 3129 2206 3183 Berl.
2240 3131 2382 3184 Mus,
2417 3130 2480 3183 ll.
2521 3132 2571 3182 1.
2622 3145 2680 3183 n.
2720 3132 2820 3195 59,

525 3247 578 3300 p.
607 3230 735 3299 55):
785 3231 1085 3298 „Merkur;
1135 3247 1239 3285 vor
1285 3232 1404 3286 ihm
1439 3234 1534 3286 ein
1574 3232 1748 3300 Vogel
1782 3233 1884 3301 mit
1916 3232 2146 3300 langem
2178 3232 2345 3287 Halse
2383 3230 2499 3284 und
2536 3232 2826 3286 mensch-

524 3332 733 3386 lichem
780 3333 981 3401 Haupt,
1031 3334 1186 3387 ohne
1230 3334 1464 3388 Zweil'el
1514 3336 1646 3388 eine
1693 3333 1913 3398 Sirene,
1963 3334 2046 3387 als
2080 3333 2366 3402 klagende
2402 3334 2682 3387 Dienerin
2719 3335 2828 3388 der

522 3433 896 3505 Proserpina,
957 3452 1022 3489 so
1070 3435 1203 3489 dass
1252 3436 1492 3491 Hermes
1536 3437 1664 3490 hier
1710 3437 1793 3489 als
1840 3435 2248 3505 Psychopomp
2297 3435 2630 3504 dargestellt
2678 3439 2823 3504 ist“;

522 3537 929 3590 consentiente
985 3536 1391 3592 Gerhardio
1454 3531 1646 3613 (Arch.
1709 3537 1849 3592 Anz.
1919 3540 2093 3591 1851.
2155 3554 2210 3607 p.
2274 3538 2403 3607 93),
2492 3537 2824 3593 Panofka

519 3638 572 3707 (l.
623 3653 671 3692 c.
718 3654 774 3708 p.
814 3637 903 3704 5):
952 3639 1202 3693 Perseus
1249 3645 1304 3693 et
1351 3640 1555 3695 Graea.
1648 3638 1777 3704 „Ob
1826 3640 1918 3693 die
1945 3633 2357 3708 &vorgebeugte
2405 3640 2654 3710 Haltung
2704 3658 2828 3697 un-

521 3756 686 3802 seres
730 3741 980 3800 Perseus
1027 3742 1146 3796 und
1197 3741 1301 3795 das
1346 3743 1547 3796 Halten
1597 3741 1703 3797 des
1750 3741 2101 3796 weiblichen
2152 3743 2367 3811 Kopfes
2414 3743 2514 3795 mit
2560 3742 2828 3799 Ber-tick-

521 3843 853 3911 sichtigung
900 3843 1003 3897 der
1045 3845 1505 3912 geschlossenen
1542 3844 1780 3898 rechten
1816 3844 1994 3909 Hand,
2045 3845 2269 3898 welche
2306 3843 2596 3898 vielleicht
2632 3852 2824 3920 etwas

521 3946 692 4010 hielt,
759 3946 859 3999 auf
898 3945 1010 3999 den
1060 3947 1317 4000 Moment
1375 3946 1497 4000 sich
1549 3945 1868 4012 beziehen,
1937 3948 1995 3999 in
2045 3946 2331 4000 welchem
2380 3946 2631 4000 Perseus
2682 3947 2825 4018 Aug'

522 4048 642 4102 und
691 4048 846 4102 Zahn
898 4048 1244 4116 empl'angen
1298 4049 1394 4101 hat
1439 4048 1585 4102 oder
1630 4050 1712 4103 sie
1756 4047 1978 4102 wieder
2011 4049 2307 4103 cinsetzen
2342 4047 2474 4113 will,
2523 4064 2699 4119 wage
2736 4052 2826 4105 ich

523 4151 683 4203 nicht
729 4165 800 4203 zu
846 4149 1287 4204 entscheiden.“
1387 4150 1490 4205 Cui
1540 4151 1936 4205 assentiuntur
1984 4150 2295 4204 Creuzer
2338 4146 2391 4221 (l.
2442 4165 2490 4205 c.
2541 4169 2596 4221 p.
2656 4149 2822 4227 203).

523 4250 927 4306 Schomann
994 4245 1098 4326 (De
1145 4252 1450 4323 Phorcyne
1512 4254 1759 4321 eiusque
1816 4253 2025 4307 familia
2070 4270 2126 4323 p.
2180 4246 2277 4326 30)
2342 4257 2398 4306 et
2460 4251 2548 4306 de
2598 4254 2827 4310 Witte

521 4353 723 4423 (Nouv.
770 4355 918 4408 Ann.
969 4352 1040 4407 de
1087 4353 1260 4408 l'lnst.
1309 4356 1372 4408 II.
1420 4371 1476 4425 p.
1515 4357 1631 4409 338
1668 4348 1795 4430 sq.).
1845 4352 1968 4428 [Tb.
2016 4357 2053 4409 I.
2103 4370 2158 4409 n.
2196 4351 2274 4427 2].
