2970 5100
1355 418 1448 489 65

256 644 318 698 p.
372 629 523 682 4⁴4:
611 618 869 702 Φόρκυς
922 619 961 697 ἦ
1023 618 1297 702 ἐπιφορὰ
1355 624 1477 685 ταῖν
1526 617 1796 698 ὑδάτων,
1848 619 2038 700 Κητὼ
2088 625 2154 687 δὲ
2198 621 2270 686 τὸ
2313 621 2545 706 βάθος,

262 725 507 806 Γραίας
549 724 613 786 δὲ
656 719 765 786 τὸν
810 720 1039 804 ἀφρόν.
1691 752 1694 755 “

354 827 455 902 14)
503 831 635 885 Erat
677 832 847 886 etiam
895 829 1211 886 Graearum
1255 831 1446 887 insula
1494 822 1788 907 Γραιάων
1835 828 2055 902 νῆσος,
2123 833 2363 890 Nonuos
2409 834 2553 889 Dio-

258 949 394 1005 nyS.
446 935 546 989 26.
595 935 699 992 62.
790 931 976 1002 Quam
1040 948 1218 1004 saepe
1291 949 1322 988 e
1393 933 1503 989 diis
1567 935 1808 989 marinis
1865 935 2231 1005 potissimum
2294 952 2360 991 ea
2424 937 2552 991 loca

259 1052 416 1106 quae
462 1037 535 1093 ad
583 1051 741 1092 mare
786 1036 880 1091 vel
925 1036 984 1089 in
1031 1037 1173 1091 mari
1231 1037 1336 1091 sita
1385 1040 1583 1092 essent
1641 1039 1934 1092 nominata
1994 1039 2109 1093 sint
2179 1045 2382 1095 notum
2444 1043 2549 1095 est.

260 1138 338 1194 cf.
384 1138 446 1195 E.
494 1139 788 1195 Curtius
831 1140 894 1193 in
940 1139 1092 1195 Gott.
1140 1139 1251 1207 gel.
1300 1138 1441 1194 Anz.
1501 1142 1680 1195 1861.
1733 1156 1786 1210 p.
1842 1142 2025 1196 1313.

355 1239 460 1317 15)
504 1241 792 1313 Lycophr.
842 1242 996 1296 Cass.
1046 1242 1199 1308 846,
1249 1241 1441 1297 Schol.
1489 1241 1561 1297 ad
1609 1242 1773 1298 Pind.
1823 1243 1988 1299 Nem.
2036 1243 2102 1300 X.
2154 1247 2217 1310 6,
2267 1243 2427 1300 Serv.
2480 1244 2554 1303 ad

258 1345 612 1415 Virg..Aen.
662 1344 939 1401 VLM289.

357 1442 465 1518 16)
514 1446 752 1502 Tzetzes
797 1447 1011 1516 Theog.
1071 1449 1183 1502 140
1235 1463 1321 1517 sq.

357 1550 463 1624 ⁴7)
507 1549 697 1605 sectio
746 1550 785 1604 1.
834 1549 954 1606 Vol.
999 1549 1226 1605 LXXW.
1276 1550 1327 1621 ς.
1384 1554 1479 1606 13.
1537 1554 1631 1608 14.
1677 1569 1735 1622 p.
1789 1554 2144 1608 398—400.

360 1644 464 1728 18)
508 1650 829 1709 Menander
873 1650 1202 1707 secundum
1247 1652 1504 1710 Natalem
1553 1654 1756 1711 Comit.
1807 1653 1909 1710 Vll.
1966 1658 2060 1712 12.

360 1747 465 1831 19)
510 1754 672 1811 Hom.
721 1752 829 1810 Od.
876 1754 965 1809 ΧΙ.
1017 1757 1160 1810 633.

357 1852 467 1930 20)
510 1857 571 1912 V.
621 1871 755 1912 eum
823 1854 1036 1911 librum
1106 1872 1282 1927 quem
1342 1856 1551 1929 scripsi
1622 1858 1695 1913 de
1741 1858 1998 1925 Glau00‚
2065 1857 2178 1913 deo
2225 1859 2451 1913 marino
2497 1875 2556 1929 p.

264 1962 346 2014 96
379 1974 466 2029 sq.
517 1964 575 2013 et
618 1957 684 2015 Ο.
733 1959 915 2014 Jahn
962 1960 1022 2014 in
1056 1958 1231 2014 Gerh.
1267 1959 1440 2016 Arch.
1476 1961 1595 2032 Ztg.
1650 1964 1833 2017 1860.
1884 1961 1962 2017 th.
2006 1960 2227 2018 XCVlll.
2276 1978 2333 2031 p.
2374 1964 2516 2021 119.

356 2057 466 2136 2⁴)
515 2061 607 2118 ad.
654 2060 716 2118 11.
765 2079 822 2133 p.
880 2064 1018 2118 110.
1072 2064 1182 2129 25,
1232 2064 1372 2119 976.
1424 2065 1523 2119 54.

1326 2284 1394 2379 ς.
1452 2285 1520 2356 ιι.

362 2470 418 2555 1)
461 2472 789 2556 τρίκρανος
832 2469 1098 2535 Σκύλλα.
1192 2475 1466 2533 Anaxilas
1512 2475 1669 2547 apud
1714 2474 1923 2531 Athen.
1969 2474 2107 2532 xm.
2160 2479 2277 2532 558
2297 2495 2347 2533 a.

358 2581 417 2653 2)
467 2581 704 2637 Tzetzes
749 2580 823 2636 ad
866 2580 1156 2652 Lycophr.
1206 2581 1361 2636 Cass.
1415 2581 1557 2635 660.

365 2686 423 2760 3)
470 2676 860 2760 τρισώματος
924 2684 1118 2754 Eurip.
1168 2683 1332 2738 Herc.
1392 2683 1501 2737 fur.
1553 2684 1705 2748 423,
1781 2684 2141 2752 tergeminus
2203 2684 2353 2755 Virg.
2417 2682 2561 2740 Aen.

266 2787 406 2844 V111.
457 2789 613 2854 202,
662 2789 948 2858 pluraque
995 2784 1283 2843 eiusmodi
1329 2785 1611 2840 nomina.

368 2882 425 2966 4)
472 2889 718 2948 Pausan.
765 2891 831 2946 11.
883 2891 978 2945 37.
1032 2892 1085 2945 4.

361 2985 420 3068 5)
466 2993 645 3049 Clem.
708 2992 1023 3049 Alexandr.
1105 2984 1443 3068 Γοργόνων
1501 2982 1616 3061 τὴν
1677 2984 1933 3062 σελήνην
1992 2982 2096 3048 διὰ
2154 2982 2227 3050 τὸ
2285 2986 2349 3050 ἐν
2410 2985 2569 3073 αὐτῇ

266 3088 615 3172 πρόσωπον
627 3119 651 3167 ,·
701 3096 770 3151 cf.
818 3095 1084 3150 Plutarch
1132 3096 1216 3150 De
1260 3094 1406 3150 facie
1452 3096 1514 3149 in
1564 3092 1709 3148 orbe
1754 3094 1950 3149 Lunae
1995 3093 2185 3150 XXIX.
2236 3097 2307 3162 6,
2356 3097 2459 3166 qui
2506 3097 2566 3150 in

266 3199 409 3254 luna
453 3192 763 3273 βλοσυρόν
807 3219 864 3255 τι
907 3196 1008 3255 καὶ
1058 3193 1364 3273 φρικῶδες
1406 3200 1671 3268 aspicere
1718 3196 1828 3252 sibi
1875 3196 2125 3253 videtur.

368 3298 424 3373 6)
471 3301 532 3356 V.
579 3316 649 3356 ea
696 3316 845 3372 quae
894 3293 1224 3370 conscripsi
1285 3297 1396 3355 sub
1441 3315 1587 3355 voce
1637 3315 1787 3370 quae
1844 3304 1932 3355 est
1976 3300 2174 3369 Gorgo
2219 3303 2279 3356 in
2327 3298 2565 3369 Aligem.
2701 3316 2732 3337 0

268 3404 514 3473 Encycl.
566 3403 615 3475 §-
673 3405 938 3458 16-18,
987 3419 1044 3473 p.
1097 3404 1452 3458 400-405.

362 3500 421 3580 ’7)
469 3506 743 3577 Exempla
792 3505 924 3560 vide
982 3507 1039 3560 in
1103 3503 1299 3560 libello
1362 3519 1531 3558 meo:
1610 3504 1725 3558 Der
1786 3505 1979 3560 antike
2027 3518 2361 3559 marmorne
2411 3505 2573 3559 Him-

271 3607 635 3678 melsglobus
668 3609 773 3663 des
804 3589 1004 3663 Fun-su.
1039 3605 1337 3663 Waldeck.
1372 3608 1519 3662 Mus.
1567 3622 1640 3662 zu
1674 3605 1939 3663 Arolsen.
1991 3606 2143 3664 Gon.
2169 3610 2347 3664 1862.
2399 3625 2451 3679 p.
2473 3610 2570 3663 41.

366 3713 422 3780 8)
464 3712 759 3783 Ampliora
807 3710 1028 3766 ibidem
1072 3727 1130 3781 p.
1183 3712 1451 3765 44-51.

367 3813 424 3888 9)
471 3813 807 3871 Gerhard
858 3814 1051 3868 antike
1093 3811 1295 3867 Bildw.
1343 3812 1420 3867 tb.
1457 3812 1600 3878 Vm,
1648 3811 1800 3867 Ann.
1836 3812 1892 3867 d.
1928 3813 2061 3866 Inst.
2106 3810 2189 3865 tb.
2223 3811 2372 3878 XL1;
2419 3811 2576 3866 Ste—

276 3919 496 3990 phani
542 3917 748 3988 Apollo
794 3915 1179 3972 Boedromius
1224 3932 1280 3986 p.
1332 3917 1438 3984 333
1487 3913 1777 3969 Tolken
1826 3911 2214 3969 Erklarendes
2261 3913 2575 3969 Verzeich-

270 4023 398 4077 niss
443 4021 550 4076 der
592 4018 1051 4076 Metallarbeiten
1101 4024 1211 4074 etc.
1260 4033 1316 4073 n.
1369 4021 1471 4074 26.

373 4120 470 4202 10)
517 4124 577 4180 V.
626 4123 823 4192 Gorgo
871 4122 921 4193 ξ.
978 4124 1071 4175 18.

371 4221 469 4303 11)
516 4225 672 4298 apud
733 4225 922 4281 Tzetz.
974 4225 1011 4281 1.
1056 4237 1104 4277 c.
1165 4217 1230 4289 ἓξ
1284 4219 1391 4296 μὲν
1448 4212 1721 4296 κεφαλὰς
1778 4212 1949 4299 ἔχον,
2023 4211 2303 4293 κᾶμπης,
2368 4214 2572 4290 κυνός,

270 4324 551 4398 λέοντος,
605 4322 949 4406 Γοργόνος,
1003 4321 1304 4403 φαλαίνης
1346 4321 1449 4381 καί
1499 4317 1869 4399 ἀνθρώπου.

2132 4453 2165 4504 5
