2970 5100
1330 445 1424 518 69

239 655 297 708 in
349 669 486 709 vase
544 671 637 724 ap.
687 654 893 710 Gerh.
944 652 1332 708 Auserlesene
1382 652 1626 709 Vasenb.
1675 657 1763 710 llI.
1822 655 1936 711 tab.
1985 654 2360 719 CLXXXVIII,
2426 669 2527 707 se·

234 756 494 813 cundum
547 756 830 811 Panol'k.
879 769 1095 809 nomen
1142 771 1345 810 vasum
1395 757 1662 812 fictorum
1706 757 1818 812 tab.
1853 760 1937 814 IV.
1986 774 2043 813 n.
2084 761 2102 811 I
2162 763 2220 812 et
2261 756 2524 812 Archao-

229 860 344 930 Iog.
394 859 765 915 Commentar
807 874 877 911 zu
919 859 1230 913 Pausanias
1275 859 1337 913 II.
1376 861 1472 915 24.
1523 859 1637 914 tab.
1673 861 1757 915 111.
1795 877 1848 914 n.
1888 863 1959 916 45
1995 866 2052 916 et
2083 863 2209 914 453.
2242 876 2296 930 p.
2329 861 2402 914 30
2432 874 2519 928 sq.

326 959 422 1034 46)
468 962 673 1018 Gerh.
720 961 944 1016 Auserl.
997 960 1240 1015 Vasenb.
1290 964 1376 1016 III.
1422 961 1538 1016 tab.
1587 962 1879 1018 CLXXVII.

323 1061 418 1136 47)
465 1065 523 1118 V.
571 1079 758 1118 meam
807 1064 879 1117 de
927 1064 1200 1132 Gorgone
1247 1065 1796 1119 commentationem
1844 1082 1899 1135 p.
1952 1067 2089 1121 392.

324 1165 418 1240 48)
464 1168 547 1222 De
580 1167 773 1221 Persei
811 1161 1040 1230 ”Antioc
1081 1162 1261 1246 κυνέῃ
1300 1184 1353 1221 v.
1385 1168 1700 1238 praecipue
1748 1167 1812 1221 K.
1860 1167 1961 1222 Fr.
2009 1167 2387 1222 Hermann.
2425 1165 2519 1221 die

225 1270 628 1339 Badeskappe.
718 1268 1020 1338 Gottinger
1049 1268 1944 1339 Winkelmannsfestprogramm
1997 1271 2176 1324 4853.
2273 1269 2520 1323 Perseus

225 1390 361 1430 cum
429 1373 588 1442 galea
649 1387 738 1441 ap.
786 1370 1249 1425 montfaucon
1312 1368 1607 1441 Antiquite
1674 1370 1824 1441 expl.
1891 1387 1993 1442 par
2036 1371 2125 1426 les
2169 1386 2429 1426 monum.
2479 1372 2516 1426 1.

223 1477 341 1532 tab.
376 1474 648 1530 LXXXVI.
696 1488 753 1528 n.
794 1475 847 1528 4.
936 1473 1257 1528 Mercurius
1303 1472 1524 1542 galeam
1572 1475 1717 1542 gerIt
1760 1490 1851 1544 ap.
1895 1471 2123 1529 Aristid.
2168 1465 2373 1550 Ἱερῶν
2412 1466 2518 1531 λό-

218 1596 329 1655 γος
372 1574 664 1655 τέταρτος
707 1578 743 1631 I.
792 1593 847 1646 p.
899 1578 1049 1630 330:
1103 1569 1320 1648 ’Ώφθη
1386 1571 1451 1631 δὲ
1509 1572 1611 1630 καὶ
1672 1569 1705 1633 ὁ
1759 1567 2020 1650 Ἑρμῆς,
2080 1568 2265 1646 τήνδε
2327 1574 2518 1645 κυνῆν

222 1675 376 1761 ἔχων
419 1677 522 1736 καὶ
565 1670 637 1736 τὸ
680 1671 895 1742 κάλλος
938 1669 1328 1751 θαυμαστός.
1406 1676 1476 1731 cl'.
1525 1693 1814 1746 gemmam
1863 1693 2093 1732 caesam
2141 1679 2282 1733 Mus.
2330 1678 2515 1734 Berol.

228 1783 525 1839 Tolken.
572 1781 725 1836 Erkl.
774 1779 1110 1834 Verzeiclm.
1171 1780 1259 1834 III.
1313 1783 1359 1834 2.
1415 1793 1470 1832 n.
1523 1782 1660 1834 889.
1725 1797 1781 1849 p.
1837 1782 1942 1833 484
2016 1773 2102 1856 (v..
2140 1781 2512 1836 Wieseler.

230 1885 477 1941 Denkm.
527 1883 580 1938 d.
629 1884 723 1938 alt.
771 1883 832 1937 K.
880 1884 941 1937 II.
992 1884 1051 1937 ll.
1099 1880 1235 1936 Tab.
1283 1881 1519 1936 XXVIII.
1564 1897 1620 1936 n.
1661 1875 1885 1957 306d.).

318 1987 414 2056 49)
458 1986 799 2042 Artemidor.
850 1984 1192 2040 Oneiroorit.
1248 1985 1300 2039 4.
1354 1986 1450 2037 63.

314 2088 413 2161 20)
461 2090 520 2143 V.
566 2089 728 2143 locos
773 2105 863 2158 ap.
912 2087 1206 2142 Preller.
1296 2087 1393 2142 Gr.
1441 2085 1676 2157 Mythol.
1722 2087 1785 2140 II.
1836 2101 1889 2156 p.
1941 2088 2041 2142 69.
2087 2102 2142 2139 n.

310 2191 409 2264 24)
459 2192 517 2246 V.
569 2192 602 2246 l.
652 2207 699 2245 c.
750 2191 1080 2260 Gorgonem
1129 2190 1179 2261 ς’.
1233 2192 1372 2244 320.

313 2288 417 2371 22)
461 2294 608 2350 Satis
655 2293 892 2364 proprie
938 2292 1204 2363 Caylus
1249 2305 1524 2346 anserum
1570 2292 1946 2346 venationem
1996 2291 2195 2353 fictum
2239 2306 2372 2346 esse
2421 2293 2514 2344 in-

224 2401 580 2469 terpretatur
627 2401 683 2451 et
728 2396 904 2450 finem
954 2395 1087 2450 facit
1130 2377 1266 2464 per:
1317 2396 1466 2447 cette
1513 2398 1668 2448 sorte
1717 2393 1789 2448 de
1825 2393 2033 2449 chasse
2066 2394 2328 2463 pourrait
2359 2391 2513 2446 don-

221 2517 332 2557 ner
379 2515 494 2556 une
538 2497 667 2555 idee
718 2498 789 2553 de
837 2499 887 2553 la
934 2495 1162 2564 fertilite
1210 2495 1282 2550 de
1329 2495 1611 2550 l’Etrurie.

310 2600 413 2674 23)
456 2603 673 2657 EximIe
720 2601 923 2655 similis
969 2600 1051 2654 rei
1099 2599 1367 2655 condicio
1417 2603 1504 2655 est
1548 2599 1607 2652 in
1639 2598 1881 2669 speculo
1914 2615 2006 2669 ap.
2042 2598 2251 2655 Gerh.
2286 2599 2508 2653 Etrusk.

215 2705 466 2777 Spiegel.
533 2703 647 2758 tab.
693 2703 927 2758 XXXVI.
981 2706 1031 2757 3.
1097 2704 1451 2768 ‚‚Minerva“‚
1528 2716 1662 2756 cum
1709 2706 1875 2756 scuto
1922 2707 1981 2755 et
2030 2702 2195 2772 apice
2241 2702 2507 2771 Phrygio,

224 2823 498 2879 cycnum,
549 2808 647 2876 qui
694 2808 887 2859 vittam
937 2809 1123 2859 rostro
1170 2809 1342 2871 tenet,
1389 2821 1419 2859 a
1465 2810 1629 2873 tergo
1673 2803 1991 2875 prendens.

307 2909 407 2982 24)
452 2909 557 2981 Ap.
605 2908 930 2964 Feolium
990 2906 1133 2962 vidit
1191 2924 1323 2963 eum
1384 2906 1705 2962 Panofka
1771 2907 1929 2962 4847
1984 2902 2336 2976 (secundum
2385 2905 2511 2960 eius

217 3011 645 3079 collectaneos).

307 3115 406 3184 25)
455 3109 710 3185 perhaps
756 3114 866 3168 this
912 3113 1095 3182 figure
1141 3116 1480 3182 represents
1525 3113 1775 3168 Perseus
1823 3114 1958 3168 with
2005 3114 2104 3168 the
2151 3112 2375 3168 Graiae.

308 3218 406 3286 26)
457 3218 518 3271 V.
565 3217 828 3287 exempla
887 3233 979 3286 ap.
1028 3215 1276 3270 Clarae
1321 3214 1462 3269 Mus.
1511 3213 1589 3269 de
1635 3214 1842 3287 sculpt.
1907 3217 2024 3271 Vol.
2073 3217 2161 3272 111.
2222 3213 2334 3268 tab.
2386 3216 2494 3269 444

211 3323 445 3376 -443,

305 3419 404 3492 27)
453 3422 519 3496 V..
558 3418 1037 3477 Gaedechens
1083 3418 1137 3473 d.
1184 3418 1437 3473 Antiken
1485 3417 1590 3473 des
1635 3420 1816 3475 siirstl.
1852 3419 2319 3475 Waldeckschen
2361 3418 2505 3472 Mus.

207 3540 288 3580 zu
335 3523 598 3579 Arolsen.
643 3521 888 3577 Arolsen
944 3523 1122 3576 4862.
1169 3537 1226 3591 p.
1277 3523 1374 3575 58.
1422 3536 1478 3575 n.
1531 3525 1627 3578 92.

307 3618 411 3701 28)
454 3625 663 3680 Birch
708 3629 766 3679 et
806 3624 1105 3678 Newton
1149 3624 1187 3678 l.
1236 3638 1286 3678 c.
1330 3641 1387 3695 p.
1440 3626 1516 3679 35
1563 3641 1650 3695 sq.
1711 3640 1767 3679 n.
1820 3627 1960 3681 425.

305 3725 406 3800 29)
452 3728 700 3782 Perseus
748 3725 865 3781 und
915 3725 1009 3781 die
1056 3726 1204 3782 Graa
1251 3725 1367 3780 tab.
1412 3729 1450 3782 l.
1501 3742 1557 3780 n.
1617 3730 1636 3780 4
1695 3732 1753 3782 et
1807 3730 1890 3782 43.

307 3825 406 3906 30)
451 3829 782 3898 Philologus
826 3828 914 3883 IX.
964 3845 1019 3898 p.
1070 3829 1189 3884 ’720
1240 3845 1327 3898 sq.

306 3926 405 4006 34)
451 3932 572 3997 Sic,
644 3932 882 4001 opinor,
957 3932 1127 3986 etiam
1170 3946 1277 3986 vas
1319 3948 1352 3985 a
1398 3931 1701 3987 Panoska
1759 3933 1819 3986 in
1881 3933 2087 3988 Gerh.
2139 3929 2312 3987 Arch.
2359 3930 2501 3988 Anz.

216 4037 397 4092 4847.
444 4051 500 4106 p.
538 4037 637 4090 24.
684 4049 741 4087 n.
783 4036 856 4088 43
903 4032 1135 4088 allatum
1179 4049 1212 4088 e
1258 4032 1606 4090 collectione
1662 4034 2028 4105 Depolettina
2076 4047 2320 4104 „grosse
2354 4034 2502 4107 Olpe

209 4138 639 4211 phenicischen
683 4137 836 4206 Styls
881 4137 984 4190 mit
1028 4137 1193 4191 einer
1224 4136 1591 4206 Vorstellung
1625 4136 1729 4191 der
1761 4138 1954 4194 Graa“
2003 4136 2503 4206 interpretandum

211 4246 317 4297 est.
410 4240 512 4295 Hic
557 4243 781 4294 tantum
829 4253 1013 4294 unum
1059 4239 1380 4295 alterumve
1426 4239 1790 4310 exemplum:
1848 4240 2028 4294 Jahn
2085 4240 2500 4295 Vasensamml.

206 4344 266 4399 d.
316 4344 464 4399 Κὸῐι.
510 4341 751 4412 Ludwig
796 4358 852 4412 p.
903 4345 1042 4396 344.
1091 4357 1146 4395 n.
1203 4344 1396 4408 4043,
1462 4342 1719 4399 Monum.
1768 4341 1822 4397 d.
1870 4344 2004 4398 lust.
2052 4342 2129 4396 tb.
2177 4343 2343 4409 VIIl.‚
2397 4341 2500 4397 de
