2970 5100
1335 437 1378 507 7

214 664 470 733 gonum
545 662 860 711 sororum
931 641 997 709 in
1067 652 1262 712 scuto
1318 642 1626 712 Herculis
1684 642 2009 714 Perseum
2080 664 2502 736 persequen-

213 762 381 831 tium
434 760 661 851 colligi
717 782 925 853 posse
982 758 1415 855 videtin-¹⁷),
1493 782 1695 852 quam
1765 762 1998 854 utique
2068 763 2134 831 in
2203 763 2500 855 imagine

213 881 328 951 ille
356 890 727 974 spectatam
763 877 1096 949 exhibuit.
1206 883 1316 953 Sic
1355 881 1487 952 hoc
1533 881 1708 962 loc0,
1766 882 1992 972 quoad
2033 881 2312 972 quidem
2351 881 2499 954 fieri

212 1009 469 1092 potest,
539 1020 690 1069 eam
762 1000 1072 1068 lacunam
1146 1023 1350 1091 quam
1424 1000 1777 1092 amplioris
1849 1000 1939 1070 de
2004 1000 2498 1092 antiquissimis

211 1118 968 1209 venerabilissimisque
1022 1119 1261 1190 Graeis
1320 1120 1600 1190 notitiae
1657 1119 1882 1211 inopia
1954 1119 2316 1191 admittere
2382 1144 2499 1191 co-

206 1248 402 1309 actus
472 1248 577 1308 est
651 1237 871 1328 aliqua
942 1240 1182 1308 saltem
1250 1261 1338 1310 ex
1414 1248 1604 1332 parte
1657 1237 1947 1331 explere
2002 1238 2235 1310 studet
2287 1241 2496 1310 vesti-

211 1359 340 1427 bus
404 1357 704 1438 illarum,
789 1377 966 1447 quae
1033 1357 1296 1429 scilicet
1362 1369 1631 1452 praeter
1701 1358 2099 1451 capillorum
2175 1360 2495 1430 canitiem

207 1497 680 1568 genarumque
722 1475 1297 1569 pulchritudinem
1349 1478 1478 1547 iam
1523 1486 1722 1547 antea
1769 1486 2183 1547 memoratas
2229 1479 2293 1548 in
2331 1479 2496 1548 ima-

208 1598 367 1688 gine
437 1596 546 1664 illa
612 1596 812 1666 facile
885 1596 950 1665 in
1027 1597 1263 1690 primis
1322 1597 1679 1667 oculorum
1749 1596 2199 1667 attentionem
2272 1599 2496 1692 cepis-

208 1728 395 1795 sent,
446 1700 541 1769 -”-
625 1735 781 1783 nam
848 1716 938 1786 de
1002 1717 1153 1787 aliis
1210 1717 1584 1786 Graearum
1645 1715 1986 1785 attributis
2057 1739 2144 1786 ne
2212 1719 2493 1788 omnino

207 1836 486 1927 quidem
540 1835 945 1927 ceteroquin
999 1834 1373 1927 quidquam
1430 1836 1686 1909 scimus
1727 1876 1845 1915 -,
1903 1857 1942 1905 e
1995 1836 2265 1929 priscae
2317 1838 2495 1908 illius

205 1954 566 2026 cuiusdam
614 1954 928 2044 imaginis
973 1956 1300 2025 memoria
1357 1954 1763 2026 indicandis.
1872 1955 2122 2025 Verum
2173 1956 2274 2027 sic
2323 1979 2495 2047 quo-

204 2096 344 2165 que
397 2074 664 2144 defecta
723 2083 831 2144 est
877 2074 1028 2145 eius
1084 2075 1344 2155 notitia,
1406 2098 1529 2146 seu
1586 2074 1871 2145 alterius
1918 2075 2133 2146 vestis
2189 2077 2495 2164 colorem

205 2193 460 2263 oblitus
513 2194 619 2274 sit,
677 2214 798 2263 seu
859 2193 1074 2264 mixto
1118 2195 1320 2265 fuerit
1370 2196 1476 2263 illa
1529 2196 1932 2286 incertoque
1977 2196 2247 2266 colore:
2304 2207 2495 2267 certe

204 2310 367 2382 nihil
421 2310 607 2383 aliud
666 2333 870 2403 quam
937 2334 1252 2384 croceam
1308 2325 1614 2394 vestem,
1684 2314 2021 2385 acerrime
2072 2316 2223 2387 sine
2276 2315 2493 2386 dubio

205 2431 486 2525 pictam,
560 2432 817 2502 referre
876 2432 1024 2501 scit.

412 2553 579 2623 Tres
635 2552 897 2622 Graeae
953 2575 1107 2622 cum
1165 2553 1347 2646 apud
1395 2553 1820 2649 Aeschylum
1879 2565 1946 2625 et
2000 2564 2273 2625 ceteros
2324 2555 2491 2624 scri-

206 2686 441 2768 ptores
484 2672 852 2764 plerosque
892 2669 1376 2752 exhibeantur,
1426 2674 1875 2765 Goettling
1912 2675 2120 2745 etiam
2142 2672 2491 2744 Hesiodeo

204 2793 358 2864 loco
407 2791 626 2861 Deino
684 2791 790 2861 vel
853 2791 1039 2860 laino
1093 2791 1509 2883 adiungere,
1571 2793 1628 2863 si
1683 2790 1831 2864 fieri
1882 2803 2151 2887 posset,
2209 2792 2488 2864 studuit.

201 2910 290 2982 At
345 2935 430 2983 eo
489 2910 712 2980 minus
767 2909 1056 2981 duarum
1110 2935 1437 2983 numerus
1492 2913 1671 3005 apud
1730 2912 2107 2983 Hesiodum
2162 2912 2490 2983 deseren-

203 3033 334 3103 dus
389 3052 549 3102 esse
596 3048 678 3099 ac
736 3041 1017 3124 propter
1071 3031 1137 3101 id
1196 3032 1420 3126 ipsum
1479 3032 1604 3103 ista
1663 3032 1948 3102 mutatio
2003 3031 2188 3103 haud
2245 3032 2491 3125 proba-

205 3151 362 3221 bilis
428 3149 705 3220 videtur
769 3151 954 3242 quod
1023 3171 1459 3243 nequaquam
1535 3174 1710 3222 unus
1786 3161 1890 3221 est
1962 3150 2304 3222 Hesiodus
2371 3151 2490 3242 qui

205 3292 359 3342 eam
428 3268 789 3362 praebeat:
892 3271 1147 3363 quippe
1220 3272 1574 3363 HyginuS,
1652 3270 1984 3352 Ovidius,
2063 3270 2343 3339 Tzetzes
2420 3270 2489 3339 in

205 3389 605 3481 theogonia,
690 3401 758 3459 et.
830 3390 959 3482 ipsi
1024 3389 1197 3460 duas
1261 3400 1520 3461 tantum
1594 3391 1850 3460 Graeas
1920 3388 2291 3470 exhibent,
2366 3412 2489 3460 ne-

204 3534 342 3604 que
395 3509 461 3577 in
520 3528 651 3576 una
709 3519 898 3581 certe
953 3509 1249 3600 imagine
1302 3511 1578 3603 antiqua
1636 3509 1723 3579 de
1780 3532 1864 3580 eo
1906 3531 2198 3580 numero
2239 3509 2488 3580 certari

205 3640 428 3726 potest
467 3623 585 3720 1⁸).

407 3750 754 3822 Hactenus
808 3748 1183 3829 Hesiodus,
1240 3748 1438 3820 cuius
1493 3750 1581 3820 de
1636 3751 1875 3822 Graeis
1932 3748 2268 3828 nuntiata,
2323 3769 2490 3841 prae

204 3870 454 3940 ceteris
509 3870 942 3960 gravissima,
1001 3890 1282 3962 prorsus
1327 3868 1612 3960 integra,
1661 3870 1954 3942 lectione
1994 3868 2159 3939 nihil
2209 3876 2485 3949 mutata,

207 3989 485 4060 retineri
527 4011 734 4083 posse
775 4010 1064 4073 cense03
1124 3999 1393 4082 praeter
1439 4012 1621 4070 eum,
1683 4000 1752 4059 ut
1799 4011 2002 4084 supra
2048 3991 2181 4059 iam
2228 3989 2486 4060 dictum

205 4118 346 4188 est,
421 4109 485 4178 in
553 4108 791 4202 primis
861 4119 1101 4180 auctor
1165 4118 1272 4179 est
1339 4110 1401 4178 in
1469 4109 1653 4181 hunc
1708 4109 2019 4205 mythum
2073 4107 2483 4205 Aeschylus,

203 4228 323 4319 qui
370 4226 649 4319 quidem
696 4229 924 4299 statim
977 4251 1353 4321 cycnorum
1410 4232 1625 4301 forma
1680 4228 2200 4329 (κυκνόμορφοι)
2245 4229 2486 4301 Graeis

202 4348 566 4421 tribuenda
607 4347 695 4419 ad
736 4350 1065 4419 rationem
1109 4351 1309 4444 plane
1347 4350 1551 4420 aliam
1591 4350 1871 4422 deducit
1912 4348 2092 4423 hanc
2125 4350 2214 4422 de
2243 4349 2483 4421 Graeis
