2970 5100
1257 451 1347 522 51

254 656 307 727 5)
356 656 539 712 eiusd.
585 671 738 725 gen„
787 670 1031 725 prorsus
1076 657 1281 711 simile.
1370 655 1512 711 ibid.
1560 674 1614 728 p.
1667 660 1803 712 180.

256 753 309 835 6)
357 759 557 824 ‚‚Ross,
610 757 827 812 dessen
876 758 1041 812 einer
1084 759 1228 813 Fuss
1277 759 1451 813 einen
1485 759 1751 814 schonen
1783 757 2219 828 Medusenkopf
2256 755 2453 822 bildet,

171 863 313 916 zwei
356 859 741 930 Pserdekopfe
789 858 991 913 bilden
1036 859 1150 915 den
1201 859 1521 915 anderen.“
1608 859 1747 915 ibid.
1795 877 1849 932 p.
1903 863 2043 917 233.

252 961 308 1035 7)
354 978 494 1016 ansa
544 978 677 1018 cum
727 961 1038 1031 Gorgoneo
1085 969 1142 1018 et
1186 978 1304 1017 uno
1351 979 1523 1033 equ0.
1633 963 1899 1034 Caylus
1960 961 2198 1044 Recueii
2244 959 2455 1014 d'anti-

171 1066 354 1136 quites
398 1065 458 1120 V.
506 1062 622 1118 tab.
669 1064 947 1120 LXXXIX.
1003 1066 1058 1118 5.

255 1167 308 1240 8)
357 1167 512 1222 bulla
559 1182 734 1221 aurea
781 1167 958 1225 Ducis
1007 1165 1080 1220 de
1124 1166 1340 1220 Blacas.
1431 1168 1625 1233 „Zwei
1670 1165 1896 1234 Pferde,
1950 1165 2085 1220 dem
2131 1165 2300 1221 Halse
2349 1164 2455 1219 der

169 1271 586 1341 enthaupteten
643 1268 884 1324 Meduse
946 1267 1370 1337 entsteigend.“
1470 1269 1833 1325 Wieseler
1891 1271 1951 1323 in
2017 1268 2221 1324 Gerh.
2279 1266 2453 1323 Arch.

165 1372 306 1428 Anz.
366 1376 543 1427 1859.
593 1389 649 1442 p.
707 1374 842 1425 119.

253 1472 306 1546 9)
359 1481 546 1530 terrae
593 1479 793 1529 coctae
843 1473 1227 1542 fragmentum
1275 1475 1425 1528 vasis
1456 1473 1672 1541 Clusini
1719 1488 1852 1529 cum
1899 1473 2152 1543 imagine
2198 1457 2455 1544 superne

167 1593 440 1648 expressa
486 1576 758 1664 Medusae
804 1581 1100 1641 cornutae,
1149 1577 1208 1629 in
1257 1577 1423 1631 cuius
1465 1582 1703 1646 pectore
1752 1575 1869 1630 duo
1916 1577 2067 1630 inter
2114 1591 2177 1629 se
2225 1574 2458 1629 adversi

168 1680 315 1751 equi.
386 1679 638 1734 'Micali
687 1681 940 1733 Monum.
990 1678 1150 1733 Ined.
1200 1677 1312 1733 tab.
1362 1679 1422 1734 11.
1472 1694 1528 1732 n.
1567 1681 1620 1746 8,
1671 1679 1818 1733 Dux
1868 1677 1952 1732 de
1999 1678 2278 1749 L'uynes
2323 1679 2356 1733 Ι.
2404 1694 2454 1732 c.

167 1782 386 1852 effigies
431 1799 488 1852 p.
526 1784 620 1847 82,
671 1782 738 1837 cf.
788 1799 843 1852 p.
882 1783 957 1836 63
997 1797 1082 1851 sq.

364 1883 514 1952 Non
571 1882 726 1973 quis
782 1882 1003 1961 facile,
1069 1882 1466 1974 praesertim
1526 1881 1582 1950 si
1640 1903 1730 1950 ex
1781 1880 2056 1950 duobus
2106 1902 2284 1971 quae
2333 1902 2456 1949 ex-

167 2014 384 2072 tremo
434 2002 589 2071 loco
634 2003 827 2073 attuli
886 2001 1349 2071 monumentis
1409 2000 1755 2093 profectus
1816 2000 2058 2079 fuerit,
2131 1999 2296 2090 quid
2355 2000 2457 2068 in-

164 2125 450 2211 geniose
506 2120 613 2191 his
669 2121 1083 2210 imaginibus
1140 2117 1368 2190 fictum
1438 2120 1523 2188 sit
1596 2119 1984 2211 symbolice
2036 2141 2170 2188 non
2244 2140 2455 2208 agno-

164 2252 344 2319 scet:
425 2241 672 2332 quibus
737 2241 886 2310 sine
938 2238 1149 2309 dnbio
1204 2239 1495 2309 duorum
1553 2238 1966 2328 Pegasorum
2009 2235 2116 2331 ⁷),
2176 2239 2325 2318 vel,
2388 2250 2456 2307 ut

162 2360 298 2428 alio
355 2360 508 2428 loco
558 2360 1038 2428 demonstrare
1088 2359 1342 2436 studui,
1401 2358 1639 2447 Pegasi
1691 2370 1754 2426 ct
1804 2355 2209 2451 Chrysaoris
2265 2369 2455 2427 ortus

165 2478 558 2572 propositus
614 2489 753 2560 est,
810 2477 1234 2548 eMedusae
1295 2499 1593 2571 corpore
1651 2478 2226 2571 provenientium.

372 2598 511 2664 Iam
577 2599 636 2667 si
699 2620 904 2668 ansas
962 2609 1029 2667 et
1092 2599 1540 2667 instrumenta
1600 2598 1662 2666 in
1722 2599 1972 2688 quibus
2014 2600 2453 2689 Gorgoneum

165 2740 325 2788 cum
381 2717 622 2809 cycnis
662 2715 893 2789 fictum
940 2719 1025 2788 sit
1063 2718 1764 2812 circumspexerimus
1812 2716 1980 2788 haec
2025 2719 2171 2789 fere
2219 2740 2458 2790 monu-

164 2848 392 2907 menta
453 2836 804 2907 afferenda
863 2848 1084 2905 erunt.

258 2957 312 3031 1)
359 2975 462 3014 vas
508 2975 642 3014 cum
687 2959 845 3014 ansis
890 2975 996 3030 per
1039 2971 1364 3028 cycnorum
1414 2956 1557 3011 colla
1604 2957 1824 3013 effectis
1857 2958 2234 3028 Gorgoneum
2278 2974 2455 3030 supra

160 3061 705 3117 circumcludentia.
805 3077 859 3115 v.
907 3061 1102 3116 Iorio
1148 3058 1392 3115 Galieria
1438 3058 1512 3114 de
1558 3062 1678 3115 vasi
1723 3060 1863 3131 Nap.
1918 3064 2096 3127 ⁴825,
2147 3062 2318 3115 etiam
2366 3077 2455 3131 ap.

161 3159 370 3219 Gerh.
424 3163 540 3219 und
586 3164 742 3217 Pan.
789 3163 1040 3234 Neapels
1087 3169 1202 3217 ant.
1252 3161 1453 3234 Bildw.
1502 3162 1616 3217 tab.
1667 3164 1705 3217 1.
1753 3178 1809 3217 n.
1862 3168 1915 3220 2.
2008 3159 2132 3236 [Tb.
2167 3164 2235 3217 11.
2282 3178 2339 3218 n.
2378 3159 2455 3235 3].

253 3267 311 3332 2)
360 3282 464 3320 vas
523 3265 874 3320 simillimum
936 3281 1026 3336 ap.
1091 3265 1300 3321 Geth.
1348 3265 1553 3320 Nuove
1600 3264 1881 3321 Ricerche
1927 3266 2074 3320 suile
2133 3267 2317 3322 forme
2365 3266 2462 3323 de'.

156 3370 293 3426 Vasi
347 3368 534 3424 Greci.
624 3366 776 3423 Ann.
826 3367 879 3422 d.
927 3369 1064 3423 Inst.
1117 3370 1294 3423 1836.
1346 3374 1421 3422 tv.
1472 3367 1653 3437 d'agg.
1704 3368 1761 3423 C.
1810 3383 1867 3422 n.
1922 3371 2012 3423 10.

253 3471 309 3541 3)
358 3471 512 3525 item.
604 3471 697 3524 De
745 3471 958 3524 Witte
1007 3470 1314 3540 Calalogue
1361 3471 1639 3540 Beugnot.
1688 3470 1800 3526 tab.
1851 3486 1905 3526 n.
1953 3474 2051 3529 25.

252 3570 311 3643 4)
358 3575 544 3639 „zwei
589 3588 803 3628 erzene
845 3573 1264 3628 Lectisternien
1310 3575 1413 3627 mit
1458 3573 1604 3627 zwei
1636 3575 2175 3644 unregelmhissigen
2206 3574 2453 3641 Stiiben3

157 3673 329 3729 diese
377 3673 573 3729 enden
620 3675 927 3729 einerseits
972 3677 1031 3730 in
1079 3674 1384 3747 geiliigelte
1430 3676 1925 3747 Medusenkopfe,
1991 3675 2350 3732 andrerseits
2394 3680 2455 3733 in

159 3777 592 3832 Giinsehiilsef‘
683 3777 887 3833 Gerh.
934 3794 989 3832 u.
1037 3778 1190 3833 Pan.
1238 3780 1273 3834 l.
1321 3794 1368 3833 c.
1417 3795 1472 3849 p.
1528 3781 1664 3834 169.

251 3878 312 3953 5)
362 3879 666 3945 „Schones
704 3881 1064 3951 Giessgefaiss
1109 3881 1212 3935 mit
1254 3882 1418 3935 einer
1445 3881 1932 3937 Medusenmaske
1976 3898 2053 3936 an
2098 3882 2234 3938 dem
2281 3888 2457 3938 unte-

157 3998 273 4037 ren
338 3981 462 4036 und
525 3983 869 4054 Giinsekopf
924 3999 997 4039 an
1061 3982 1196 4038 dem
1258 3983 1443 4039 obern
1504 3983 1993 4056 Henkelanfang.“
2089 3986 2156 4041 In
2204 3984 2458 4054 Collegio

154 4084 464 4150 Romane,
513 4085 843 4141 secundum
887 4086 1303 4141 Platnerum
1350 4088 1410 4141 in
1456 4087 1786 4143 Beschreib.
1832 4088 2025 4144 Rom's
2070 4088 2159 4143 111.
2206 4104 2263 4159 p.
2316 4065 2468 4143 489.

153 4203 213 4242 n.
270 4190 330 4243 6.

248 4283 308 4367 6)
360 4289 579 4344 monile
623 4306 866 4346 aureum
919 4306 1053 4346 cum
1087 4290 1401 4360 Gorgoneo
1447 4293 1779 4363 pampineo,
1830 4295 1887 4348 in
1937 4292 2152 4350 finibus
2198 4292 2315 4348 duo
2349 4308 2458 4365 cy-

152 4408 414 4449 cnorum
462 4393 667 4464 capita.
756 4395 851 4449 De
901 4394 1121 4450 Witte
1172 4392 1416 4450 Cabinet
1457 4395 1716 4451 Durand.
1763 4411 1819 4452 n.
1868 4400 2048 4454 2103.

1933 4508 2000 4566 4.
