2970 5100
1301 442 1396 517 53

194 647 542 718 cationem
600 669 738 716 non
796 656 1120 740 possunt,
1197 655 1269 716 ut
1324 646 1388 714 in
1450 646 1620 738 ipsis
1671 637 1881 716 ansis.
1992 646 2061 714 ln
2116 645 2369 736 quibus
2423 645 2493 719 id

193 777 461 837 tantum
512 767 840 836 intererat
889 773 960 834 ut
1005 765 1378 835 amuletum
1430 765 1917 857 applicaretur,
1975 764 2343 856 quod-quo
2388 775 2491 837 tuq

194 887 337 957 tius
391 895 579 957 esset
632 905 717 954 eo
779 885 956 953 foret
1016 868 1499 976 praestant-ius.
1615 884 1954 961 Lunarem
2010 883 2490 976 pertinentiam

195 1005 297 1077 ibi
355 1005 538 1074 nullo
585 1002 793 1074 modo
850 1003 1292 1093 Gorgoneum
1345 1001 1665 1073 habebat.
1777 1001 1984 1091 Atqui
2041 1002 2110 1073 in
2170 1003 2255 1075 iis
2307 1025 2488 1094 quos

192 1125 391 1195 attuli
439 1124 917 1217 sepulcrorum
967 1121 1187 1215 cippis
1234 1123 1513 1212 gravior
1551 1142 1633 1193 ac
1686 1104 2105 1193 reconditior
2137 1121 2489 1212 Gorgonei

193 1243 442 1337 capitis
497 1242 736 1336 cycnis
791 1239 1199 1313 circumdati
1253 1238 1661 1331 significatio
1717 1264 1841 1335 per
1892 1263 1969 1313 se
2018 1241 2165 1334 ipsa
2214 1261 2295 1310 ea
2341 1241 2489 1332 qui-

191 1364 360 1436 dem
416 1362 598 1431 bene
654 1359 939 1432 defendi
997 1360 1327 1454 potuerit:
1411 1359 1641 1439 obstat
1706 1361 1772 1431 ei
1826 1361 1927 1441 rei
1982 1381 2068 1433 eo
2123 1360 2342 1450 magis
2396 1361 2491 1431 al-

193 1494 345 1553 tera
401 1501 632 1552 causa.
761 1479 952 1562 Quae
1020 1478 1381 1550 intercedit
1451 1479 1633 1550 inter
1697 1480 1930 1550 lumen
2005 1488 2074 1550 et
2141 1479 2489 1560 tenebras,

194 1603 420 1674 solem
483 1608 554 1670 et
603 1600 872 1679 lunam,
948 1599 1120 1669 ratio
1187 1599 1531 1668 contraria
1597 1597 1664 1666 in
1721 1597 2021 1689 antiquis
2076 1598 2490 1689 imaginibus

191 1717 583 1814 symbolice
647 1717 1057 1811 exprimitur
1118 1727 1233 1786 aut
1303 1716 1705 1811 simpliciter
1777 1716 1974 1788 inter.
2021 1741 2099 1788 se
2154 1717 2487 1811 oppositis

193 1841 566 1929 Gorgoneo
612 1847 682 1907 et
729 1836 955 1917 leone,
1009 1836 1189 1904 ulula
1242 1845 1313 1905 et
1361 1857 1584 1929 cycno
1624 1844 1778 1916 etc„
1829 1846 1966 1917 aut,
2024 1835 2236 1928 idque
2276 1837 2488 1907 multo

194 1957 500 2051 saepius,
561 1965 906 2048 pugnante
961 1955 1281 2044 Gorgone
1334 1952 1622 2025 Medusa
1680 1978 1836 2026 cum
1896 1955 2063 2027 solis
2103 1956 2332 2037 leone
2374 1955 2484 2026 vel

193 2079 402 2148 etiam
444 2074 730 2146 Medusa
780 2075 960 2144 illius
994 2074 1272 2144 exuviis
1315 2083 1576 2154 ornata,
1629 2074 2485 2175 verum-frequentissime,

193 2198 464 2291 opinor,
522 2214 815 2287 capreae
861 2193 973 2262 vel
1027 2192 1217 2263 cervi
1274 2194 1510 2263 noctui
1563 2214 1600 2262 a
1661 2193 1827 2264 solis
1876 2194 2079 2264 leone
2134 2193 2487 2265 dilacerati

194 2315 463 2406 effigie,
542 2334 721 2405 quae
777 2312 1059 2404 quidem
1113 2312 1555 2382 innumerum
1611 2313 1884 2404 quoties
1940 2312 2091 2391 sine
2146 2313 2329 2385 iusto
2385 2313 2485 2382 in-

196 2438 475 2508 tellectu
530 2430 834 2503 adhibita
890 2442 1030 2512 est,
1089 2453 1459 2523 numquam
1519 2441 1792 2512 autem,
1852 2432 1920 2502 id
1974 2432 2161 2523 quod
2217 2433 2286 2505 in
2340 2433 2487 2526 ipsa

196 2557 300 2628 rei
359 2565 600 2625 natura
657 2553 954 2646 positum
1014 2562 1153 2631 est,
1228 2552 1516 2623 Medusa
1572 2553 1862 2623 comiter
1914 2575 2293 2647 cycnorum
2348 2554 2486 2623 col-

195 2678 280 2746 lis
327 2672 811 2745 circumcincta
850 2672 976 2741 'vel
1035 2672 1324 2742 comiter
1380 2670 1513 2741 illis
1560 2672 1624 2742 ei
1678 2671 2213 2750 blandientibus,

404 2794 486 2863 Et
531 2789 704 2861 haec
750 2789 1030 2881 quidem
1071 2791 1370 2862 maxime
1417 2810 1625 2861 causa
1665 2813 1776 2861 me
1826 2788 2143 2884 prohibet
2182 2813 2321 2882 quo
2358 2791 2482 2860 mi-

195 2938 330 2986 nus
387 2914 538 2983 illos
594 2911 1006 3002 interpretes
1059 2931 1349 3002 sequar:
1431 2910 1770 2981 Medusae·
1822 2919 2027 3004 caput
2081 2910 2319 2981 Graeis
2367 2932 2484 3003 cy·-

197 3035 387 3113 cnis,
469 3032 865 3120 Gorgonum
939 3029 1297 3100 tutricibus
1371 3029 1917 3122 custodibusque
1988 3029 2482 3102 circumdatum

197 3153 428 3224 fictum
496 3149 742 3220 videre
810 3146 977 3218 mihi
1043 3149 1309 3220 videor.
1431 3149 1622 3231 Quae
1696 3171 1833 3241 quo
1898 3158 2483 3228 munerebusto-

198 3272 355 3343 diae
409 3269 478 3341 in
531 3267 845 3337 vivarum
895 3290 1210 3339 sororum
1259 3268 1591 3339 societate
1631 3270 1908 3339 functae
1956 3277 2113 3340 sunt
2158 3266 2228 3337 id
2276 3268 2481 3352 etiam

198 3394 269 3462 in
321 3388 596 3459 absciso
652 3387 994 3478 Gorgonis
1049 3388 1271 3482 capite
1327 3387 1662 3457 obtinent.
1789 3387 2086 3457 Primum
2140 3384 2275 3457 hoc
2327 3387 2481 3460 loco

198 3509 501 3602 exempli
555 3528 636 3577 ac
690 3507 1060 3577 testimonii
1116 3507 1329 3578 instar
1372 3505 1671 3598 effigiem
1721 3515 1947 3578 terrae
1979 3515 2219 3582 coctae
2258 3505 2480 3584 Musei

196 3627 647 3721 Townleyani
682 3625 744 3721 9)
801 3626 1016 3698 affero
1073 3624 1221 3720 (Tb.
1271 3627 1317 3695 Ι.
1377 3650 1440 3696 n.
1488 3624 1602 3719 7),
1663 3648 1843 3718 quae
1895 3626 2228 3697 Medusae
2278 3635 2481 3719 caput

198 3772 237 3821 a
293 3748 563 3820 duabus
616 3747 899 3839 aquilis,
975 3746 1367 3818 tenentibus
1433 3744 1600 3818 illud
1666 3768 1757 3816 ex
1826 3746 1909 3818 iis
1977 3746 2093 3837 qui
2158 3744 2247 3816 de
2300 3745 2478 3816 collo

202 3868 614 3965 proveniunt
664 3866 1142 3961 serpentibuS,
1199 3865 1618 3937 custoditum
1674 3861 1977 3935 exhibet.
2090 3863 2241 3946 Quo
2293 3887 2477 3958 sym-

201 3988 424 4059 bolice
478 3984 897 4078 significatur
950 4007 1029 4057 ea
1090 3986 1388 4079 potentia
1435 4006 1641 4077 quam
1690 4006 1781 4054 ex
1826 3984 2124 4055 Homero
2147 3980 2246 4081 1⁰)
2280 3986 2477 4079 ,Iupi-

198 4119 302 4181 ter
355 4117 640 4177 exercet
691 4105 781 4178 de
835 4106 1242 4197 GorgoneO,
1300 4106 1485 4198 quod
1544 4115 1650 4177 est
1704 4124 1919 4197 penes
1971 4104 2218 4197 ipsum.

428 4227 618 4297 Duae
657 4235 885 4302 autem
932 4225 1203 4317 aquilae
1244 4226 1335 4295 ob
1381 4224 1671 4319 partium
1718 4224 2272 4304 convenientiam
2319 4225 2477 4310 arti-

201 4346 350 4420 ficis
396 4345 670 4418 licentia
713 4368 836 4439 pro
881 4367 1013 4417 una
1061 4345 1347 4439 perinde
1392 4354 1762 4437 usurpatae
1789 4353 2074 4427 ,suntul
2113 4345 2179 4418 in
2219 4343 2477 4435 magni·-²
