2970 5100
1578 429 1674 500 611

492 634 669 690 Eines
726 634 953 690 Zahnes
1012 633 1135 690 und
1206 633 1383 690 Eines
1442 628 1636 704 Auges
1709 633 2076 691 bestehende
2146 634 2393 705 Bildung
2468 636 2794 692 vermittelt

492 736 702 794 wirdst‘
790 737 856 793 G.
904 737 1274 792 Hermann
1322 733 1562 808 (Opuso.
1611 737 1674 791 11.
1723 753 1779 807 p.
1833 733 2000 808 480);
2061 730 2289 803 „Euboi
2342 763 2416 788 ·.---
2466 738 2789 794 Inundona

493 857 526 895 a
574 837 755 907 verbo
798 833 908 906 ὕω,
956 838 1146 895 fluxus
1176 839 1464 908 aequoris,
1511 839 1843 895 Latinorum
1875 839 2108 904 Venilia,
2155 838 2462 909 Pephredo
2509 838 2783 896 refluxus

495 943 689 1008 mariS‚
722 940 1014 997 Auferona
1044 942 1380 998 Latinorum
1410 939 1701 1008 Salacia“;
1748 955 2004 1011 quocum
2055 940 2213 1011 quod
2258 943 2461 997 attinet
2503 942 2576 997 ad
2607 942 2785 1012 Enyo

502 1046 879 1100 consentiens
934 1044 1000 1098 K.
1048 1044 1139 1099 Fr.
1188 1044 1542 1098 Hermann
1608 1037 1746 1120 (Die
1802 1043 2199 1115 Hadeskappe.
2277 1044 2428 1100 Gott.
2510 1045 2792 1099 Winkei-

494 1123 1142 1216 mannsfestprogramm
1196 1147 1378 1200 4853.
1436 1161 1497 1215 p.
1550 1148 1645 1200 33.
1707 1160 1765 1199 n.
1821 1142 1962 1217 405)
2023 1147 2082 1200 in
2129 1145 2470 1217 Pephredus
2534 1147 2789 1200 nomine

492 1247 930 1318 interpretando
976 1249 1214 1318 cogitari
1258 1247 1379 1305 vult
1425 1246 1498 1302 de
1543 1263 1688 1302 voce
1733 1263 1884 1317 quae
1935 1252 2022 1302 est
2067 1243 2294 1326 φρέαρ,
2341 1249 2416 1302 ita
2460 1251 2523 1303 ut
2564 1249 2625 1302 in
2677 1263 2791 1303 ea·-

499 1365 629 1406 rum
676 1349 1027 1415 nominibus
1073 1349 1325 1405 nebulae
1385 1353 1442 1403 et
1497 1350 1815 1420 superioris
1860 1354 1917 1403 et
1973 1350 2263 1405 inferioris
2305 1351 2560 1419 regionis
2608 1365 2792 1405 com-

499 1451 958 1524 prehendantur.
1048 1453 1343 1522 Lennep
1389 1448 1488 1524 (ad
1535 1450 1766 1506 Hesiod.
1813 1450 2026 1521 Theog.
2077 1468 2132 1522 p.
2169 1450 2317 1525 238)
2363 1452 2613 1508 Alterius
2658 1452 2791 1508 He·-

494 1554 1002 1623 siodeaefiraeae
1048 1569 1267 1610 nomen
1316 1547 1638 1629 Πεφρηδώ
1695 1553 2007 1611 commode
2061 1560 2360 1624 repetatur
2401 1570 2434 1609 a
2476 1550 2789 1629 πέφραδα

494 1663 558 1712 ut
598 1659 718 1712 Dea
764 1658 912 1712 haec
959 1671 1332 1714 communem
1386 1654 1658 1710 habuerit
1715 1655 2083 1725 prudentiam
2130 1672 2265 1712 cum
2308 1656 2433 1712 aliis
2456 1637 2601 1713 ‘Diis
2644 1673 2791 1712 ma-

495 1760 666 1825 rinis,
738 1753 927 1817 Ἐνύω
988 1758 1059 1813 ab
1109 1751 1223 1816 ἕνω
1280 1757 1585 1813 interficio,
1675 1757 1807 1812 Em.
1855 1759 2085 1814 Braun
2138 1757 2262 1832 (Gr.
2311 1760 2680 1816 Gotterlehre
2740 1760 2785 1813 1.

498 1860 549 1932 §-
604 1857 746 1932 403)
809 1861 940 1927 ,,Π.
1005 1859 1099 1915 die
1160 1859 1454 1930 Kundige,
1532 1862 1644 1916 Eu.
1714 1859 1809 1915 die
1857 1860 2219 1928 Grausame,
2286 1860 2786 1930 Mordsiichtige.“

497 1962 831 2019 Weloker
891 1959 1187 2045 (Aeschyl.
1250 1963 1383 2017 Tril.
1430 1963 1620 2018 Prom.
1687 1979 1744 2032 p.
1797 1965 1936 2020 332.
1985 1960 2098 2035 sq.)
2157 1978 2265 2034 per
2323 1965 2558 2018 nomina
2622 1978 2784 2033 quae

497 2069 635 2120 sunt
679 2058 1007 2141 Πεφριδώ,
1054 2057 1266 2130 Ὲνύω,
1313 2056 1508 2121 'laevas
1554 2063 1851 2131 horrendi,
1901 2064 2217 2130 saeviendi,
2266 2066 2503 2120 terroris
2553 2066 2786 2121 incussi

495 2167 766 2222 notiones
802 2181 1110 2237 expressas
1142 2170 1322 2236 putat.
1410 2167 1719 2221 Eiszner
1764 2164 1894 2239 (Die
1925 2168 2261 2237 Theogonie
2293 2167 2398 2223 des
2429 2167 2656 2223 Hesiod.
2696 2169 2785 2223 als

495 2269 803 2326 Vorweihe
873 2269 931 2324 in
1001 2268 1096 2322 die
1155 2268 1356 2323 wahre
1401 2268 1784 2325 Erkenntniss
1845 2269 1951 2324 der
2015 2271 2259 2325 iiltesten
2306 2269 2622 2325 Urkunden
2670 2269 2784 2325 des

497 2371 782 2427 mensohl.
830 2369 1226 2426 Gesohlechts.
1290 2370 1424 2440 Lpz.
1478 2373 1660 2427 4823.
1723 2388 1780 2441 p.
1835 2368 1942 2445 30>
2005 2373 2133 2437 ,,Π.
2185 2386 2302 2427 von
2348 2364 2602 2447 φράζω,
2664 2369 2783 2430 πέ-

500 2470 748 2550 φραδον
816 2473 919 2528 das
968 2472 1101 2528 sich
1169 2469 1666 2542 Ankiindigende‚
1741 2466 1927 2531 Ενύω
1983 2472 2288 2530 Inundona
2332 2473 2608 2543 Morgen-
2652 2474 2783 2529 und

500 2575 1159 2644 Abenddammerung.“
1244 2574 1403 2629 Pott
1451 2575 1948 2646 (Etymologisohe
1992 2576 2412 2645 Forschungen
2457 2579 2497 2632 Ι.
2545 2593 2601 2647 p.
2654 2580 2778 2634 230

499 2692 557 2733 n.
609 2676 718 2751 94)
813 2670 1004 2735 'Euhan
1052 2676 1275 2733 derivat
1318 2676 1392 2731 de
1440 2668 1609 2735 ἀΰειν
1656 2679 1748 2733 vel
1795 2672 2035 2749 ἀνύειν,
2102 2679 2493 2746 confectrix?;
2570 2678 2644 2733 cf.
2694 2679 2782 2733 de

499 2781 716 2836 Witte
761 2781 945 2836 Nouv.
979 2778 1132 2836 Ann.
1169 2778 1242 2834 de
1286 2778 1462 2835 l’lnst.
1498 2782 1565 2835 11.
1612 2797 1671 2851 p.
1711 2783 1830 2836 335
1860 2797 1982 2851 sq.;
2030 2786 2205 2847 recte,
2255 2780 2504 2846 confido,
2552 2779 2784 2836 Scho—

499 2898 710 2938 mann
756 2879 823 2957 (1.
872 2897 922 2938 c.
971 2899 1028 2952 p.
1080 2876 1219 2953 29):
1286 2880 1502 2936 Vereor
1564 2887 1756 2938 tamen
1828 2898 1903 2938 ne
1949 2900 2021 2939 ex
2061 2882 2396 2940 huiusmodi
2440 2882 2784 2939 nominibus

500 2984 575 3040 de
620 3001 758 3040 vera
803 2991 978 3055 atque
1014 2985 1267 3053 genuina
1303 2983 1621 3040 Graearum
1652 2985 2077 3056 significatione
2110 3000 2231 3040 non
2275 2987 2413 3042 satis
2456 2990 2580 3040 tuto
2628 3000 2784 3040 con-

497 3086 721 3157 jectura
767 3086 899 3142 duci
943 3085 1126 3156 possit
1179 3087 1452 3156 quoniam
1501 3093 1734 3143 constat
1787 3088 2158 3158 antiquarum
2203 3086 2530 3144 fabularum
2569 3103 2784 3158 perso-

500 3203 610 3244 nas
655 3206 686 3244 a
735 3186 1157 3260 posterioribus
1203 3203 1324 3243 non
1373 3204 1506 3245 raro
1551 3189 1725 3260 longe
1769 3189 1932 3246 aliter
1978 3205 2151 3260 quam
2198 3206 2231 3246 a
2277 3191 2479 3261 primis
2523 3192 2786 3245 auotori—

501 3289 614 3347 bus
660 3295 934 3362 acceptas
979 3305 1130 3346 esse.

593 3390 698 3467 40)
740 3396 805 3449 In
850 3395 955 3450 has
999 3394 1213 3450 formas
1259 3395 1496 3450 nomina
1526 3393 1740 3448 variata
1786 3379 2193 3459 inveniamur}
2242 3387 2606 3469 Πεφρηὸώ,
2668 3398 2786 3452 Τε-

502 3489 765 3572 φρηδώ,
830 3489 1238 3573 Πεμφρηδώ,
1288 3489 1703 3571 Μεμφρηδώ,
1753 3490 2151 3571 Μεμφήδην,
2201 3496 2568 3568 Pamphede,
2620 3500 2786 3556 Πεν-

505 3591 730 3674 φρηδώ
778 3627 856 3639 -
903 3592 1119 3669 Δεινώ,
1168 3592 1356 3669 Abroi,
1402 3591 1599 3656 Ἰαινώ
1646 3627 1716 3638 --
1766 3591 2273 3668 Ἑνύω,”Εννύω,
2317 3592 2526 3655 Ἐντώ.

595 3698 697 3773 44)
741 3700 979 3757 Tzetzes
1022 3702 1094 3758 ad
1140 3703 1274 3773 Lyn.
1318 3702 1473 3757 Cass,
1513 3703 1654 3758 234.
1702 3701 1878 3758 Paris,
1911 3699 1977 3756 A.
2025 3692 2135 3771 τὴν
2182 3694 2480 3776 ὃμόζυγον
2521 3696 2780 3777 γραῖαν·

501 3795 612 3873 τὴν
666 3796 1032 3874 θάλασσαν,
1110 3804 1287 3860 Paris,
1353 3804 1411 3859 C.
1477 3796 1782 3871 παλαιάν,
1846 3798 2037 3879 ἤγουν
2097 3794 2211 3873 τὴν
2265 3795 2595 3859 θάλασσαν
2659 3798 2785 3876 (ed.

500 3903 887 3978 Baohmann),
933 3907 1190 3963 Eustath.
1225 3905 1296 3961 ad
1330 3907 1495 3962 Hom.
1542 3906 1602 3960 ΙΙ.
1654 3922 1710 3976 p.
1750 3906 1890 3960 976.
1944 3907 2020 3960 54
2067 3902 2173 3961 καὶ
2215 3897 2509 3961 θάλοὶσσα
2558 3901 2625 3962 δὲ
2665 3921 2787 3963 τεο-’-

501 4000 634 4066 λιά·
713 4000 831 4087 ἔχει
888 4029 946 4065 τι
1000 4006 1208 4088 χαριὲν
1254 4001 1358 4066 διὰ
1412 3999 1484 4065 τὸ
1532 4004 1596 4065 ἕν
1644 4001 1806 4089 αὐτῇ
1848 4004 2106 4085 γέροντα
2150 4002 2372 4084 Νηρέα
2416 4005 2519 4065 καὶ
2564 4001 2682 4074 τὰς
2726 4003 2789 4066 ἐκ

499 4107 738 4185 γενετῆς
778 4102 1049 4184 μυθικὰς
1093 4108 1355 4187 Γραίας.

596 4210 701 4286 42)
748 4213 877 4269 Hes.
925 4193 1140 4284 Theo'g.
1193 4216 1310 4270 440
1359 4213 1426 4271 οἳ
1458 4206 1723 4290 γλαυκὴν
1770 4207 2196 4288 δυσπέμφελον
2242 4206 2621 4290 ἐργάζονται.

597 4308 701 4392 43)
746 4315 937 4372 Schol.
994 4315 1069 4371 ad
1113 4317 1243 4372 HeS.
1291 4316 1509 4386 Theog.
1570 4316 1722 4387 apud
1771 4315 2115 4372 Gaist'ord
2173 4315 2327 4371 Poet.
2377 4317 2516 4370 min.
2566 4332 2650 4387 gr.
2694 4318 2784 4373 111.
