2970 5100
1319 461 1411 535 21

230 666 434 756 Atqui
482 688 605 759 per
643 687 793 736 eam
836 666 1126 736 crini-um
1172 665 1488 734 canitiem
1543 665 1746 741 maris
1796 665 2171 741 daemones
2211 675 2508 744 veteres,

235 784 707 864 venerabiles,
776 796 1090 879 potentes
1148 785 1585 875 maximeque
1643 784 1989 876 sapientes
2045 781 2512 873 significantur

231 906 540 996 talesque
596 927 674 975 se
733 914 1078 997 praestant
1134 904 1497 984 vaticiniO,
1556 902 1739 996 qu‘od
1800 903 1866 972 in
1921 903 2156 997 primis
2211 904 2511 975 cernitur

234 1026 364 1096 viis
416 1024 905 1096 monstrandis.
1012 1025 1120 1093 Sic
1174 1023 1402 1092 Triton
1459 1033 1526 1092 et
1575 1022 1873 1092 Glaucus
1920 1023 2354 1112 Argonautis,
2395 1023 2511 1097 ‘sic

230 1146 516 1216 Proteus
554 1155 623 1215 et
658 1145 955 1214 Glaucus
1001 1144 1335 1221 Menelao,
1395 1143 1495 1217 sic
1543 1142 1809 1212 Nereus
1865 1142 2134 1212 Herculi
2192 1142 2345 1211 viae
2402 1153 2505 1213 est

229 1274 662 1344 monstrator,
716 1262 961 1353 'sicque
1017 1283 1144 1331 nec
1195 1262 1393 1332 aliter
1441 1262 2005 1337 GraeaePerseo
2052 1262 2233 1331 viam
2278 1273 2508 1333 osten·

228 1385 397 1455 dunt
452 1384 540 1455 ad
594 1380 982 1476 Nymphas,
1043 1404 1082 1450 e
1137 1401 1258 1450 sua
1312 1392 1537 1451 autem
1599 1382 2012 1452 marinarum
2068 1381 2354 1451 dearum
2411 1383 2508 1453 in-

227 1505 386 1576 dole
436 1526 574 1573 non
622 1503 776 1573 illae
811 1500 982 1572 ‘sine
1032 1501 1207 1570 illata
1254 1501 1322 1570 vi
1370 1523 1499 1572 nec
1550 1501 1615 1571 ni
1663 1511 1861 1571 antea
1910 1499 2072 1571 dolo
2120 1512 2503 1595 superatae.

450 1624 675 1714 Atque
730 1621 933 1690 etiam
987 1620 1075 1690 ad
1132 1641 1318 1689 mare
1380 1621 1644 1691 Graeas·
1709 1620 2055 1715 pertinere
2083 1617 2179 1715 ι4)
2249 1643 2341 1691 ex
2395 1640 2507 1691 ea-

231 1767 378 1816 rum
416 1743 754 1813 adversus
793 1742 1151 1830 Gorgonas
1188 1738 1931 1834 condicioneprimum
1971 1752 2273 1836 apparet,
2331 1762 2508 1833 quae

228 1867 379 1958 plus
426 1883 555 1932 una
603 1859 689 1930 ab
735 1871 926 1953 parte
980 1861 1231 1928 intima
1267 1881 1347 1930 ac
1401 1860 1924 1931 familiarissima
1968 1871 2095 1933 est.
2201 1862 2350 1931 Non
2397 1884 2507 1931 so-

227 1985 364 2053 lum
421 1979 604 2074 quod
664 2001 944 2050 sorores
998 1978 1084 2047 ab
1145 1980 1387 2050 iisdem
1449 1980 1860 2073 parentibus³
1893 1991 1962 2050 et
2008 1991 2198 2075 patre
2246 1991 2314 2050 et
2369 2002 2506 2049 ma-

227 2117 331 2174 tre
385 2112 575 2181 sunt,
632 2099 818 2192 quod
852 2099 1286 2192 propissime
1344 2100 1521 2171 inter
1578 2122 1653 2176 se
1706 2097 2045 2180 habitant,
2103 2101 2285 2192 quod
2342 2101 2508 2170 alte-

228 2246 367 2296 rae.
398 2220 723 2294 custodes
777 2221 1141 2290 alterarum
1192 2230 1695 2314 nuncupantur,
1750 2218 1937 2310 quod
1989 2227 2321 2311 utraeque
2374 2229 2508 2289 ter-

226 2348 371 2414 nae‘
415 2351 597 2421 sunt,
654 2338 838 2432 quod
895 2348 1247 2431 utraeque.
1284 2359 1321 2406 a
1377 2338 1631 2410 Perseo
1689 2339 2087 2416 vincuntur:
2156 2340 2267 2410 vel
2322 2362 2507 2410 com-

228 2472 574 2534 mutantur
625 2460 803 2531 inter
852 2480 928 2530 se
982 2459 1416 2549 abantiquis
1472 2458 1924 2553 scriptoribus
1978 2460 2070 2530 ob
2125 2459 2507 2533 similitudi-

223 2606 383 2655 nem
422 2589 637 2660 suam,
695 2590 767 2650 ut.
801 2580 890 2649 ab
939 2602 1074 2649 uno
1116 2577 1577 2669 Gorgonibus,
1611 2601 1763 2656 ,non
1806 2580 2066 2661 Graeis,
2124 2602 2304 2651 unus
2344 2603 2534 2651 ocu-0

227 2706 333 2773 lus
391 2699 916 2791 unusque'dens
954 2700 1289 2770 tribuatur
1317 2695 1434 2793 ι5),
1490 2709 1563 2767 et
1616 2698 1794 2769 adeo
1851 2721 1986 2769 uno
2043 2700 2281 2770 nuntio
2330 2713 2506 2771 unus

225 2822 472 2894 oculus
550 2830 867 2910 unusque
936 2817 1111 2889 dens
1178 2822 1457 2900 Graeis,
1551 2841 1725 2889 unus
1798 2818 2235 2909 Gorgonibus
2306 2819 2505 2891 datus

222 2943 312 3015 sit
361 2936 479 3035 ¹6).
994 3009 997 3012 a
1867 3011 1870 3014 .

431 3062 607 3133 Esse
638 3070 865 3130 autem
898 3059 1278 3149 Gorgonas,
1324 3060 1694 3152 praecipue
1733 3058 2113 3139 Medusam,
2166 3057 2229 3126 in
2267 3056 2505 3128 arctis-

224 3184 392 3255 sima
436 3205 589 3253 eum
631 3180 800 3250 mari
838 3179 1325 3252 coniunctione
1368 3180 1561 3259 alias,
1620 3180 1685 3248 in
1715 3180 1998 3273 ⁴encycl.
2036 3201 2192 3271 gen.
2233 3177 2500 3249 scientt.

222 3314 292 3373 et
332 3313 482 3371 artt.
543 3301 675 3372 sub
728 3311 905 3369 voce
959 3287 1313 3390 „G'orgo‘n
1370 3300 1644 3393 planum
1702 3301 1932 3372 facere
1987 3297 2215 3369 studui
2247 3296 2362 3393 ¹⁷),
2416 3297 2501 3367 ad

221 3445 428 3515 quem
487 3443 618 3512 ego
667 3420 893 3491 locum
948 3420 1275 3490 lectorem
1329 3419 1611 3510 delegO,
1693 3417 1804 3489 hic
1860 3418 2010 3490 sine
2069 3418 2503 3513 propioribus

223 3540 778 3636 expositionibus
824 3549 1033 3630 atque
1079 3540 1504 3631 argumentis
1554 3560 1820 3609 summa
1864 3549 2126 3609 tantum
2173 3537 2324 3609 eius
2366 3536 2504 3609 dis-

221 3661 627 3755 ceptationis
683 3659 992 3752 repetita.
1126 3741 1129 3746 Ι

431 3781 538 3852 Ad
596 3801 780 3849 mare
837 3778 1040 3869 igitur
1077 3779 1422 3871 pertinere
1460 3780 1817 3871 Gorgonas
1865 3787 2077 3868 ⁴atque
2135 3778 2501 3872 praecipue

220 3901 579 3975 Medusam
637 3922 791 3970 cum
846 3921 936 3969 ex
993 3919 1226 3969 earum
1282 3900 1369 3967 ab
1433 3898 1743 3992 Phorcye
1806 3909 1872 3967 et
1927 3899 2194 3967 Getone·
2238 3898 2502 3989 origine

222 4038 291 4096 et
344 4022 430 4092 ad
486 4020 872 4099 Oceanum,
942 4018 1126 4109 quod
1185 4021 1460 4113 saepius
1516 4041 1671 4091 cum
1727 4019 1797 4085 vi
1851 4017 2145 4109 quadam
2199 4018 2502 4101 affertur,

223 4146 353 4217 sito
408 4140 757 4212 domicilio
810 4138 1145 4218 cernitur,
1241 4151 1377 4209 tum
1432 4139 1717 4210 Medusa
1774 4136 1975 4207 deam
2032 4139 2362 4208 marinam
2428 4163 2504 4210 se

226 4272 525 4358 praestat
573 4260 1077 4354 propinquitate
1124 4282 1204 4329 ac
1235 4260 1718 4349 conjunctione
1761 4281 1917 4328 cum
1961 4258 2206 4351 Scylla,
2265 4282 2502 4331 sorore

221 4403 588 4477 germana,
646 4401 826 4473 quae
888 4402 979 4450 ex
1034 4402 1170 4450 uno
1226 4377 1458 4474 mytho
1520 4380 1694 4448 inter
1749 4379 2104 4469 Gorgonas
2159 4379 2502 4449 refereba-
