2970 5100
1519 424 1716 511 '16

522 666 666 715 rem
721 643 946 735 colligi
1009 645 1270 735 nequit,
1326 684 1425 698 —-
1481 653 1792 737 poterant
1846 645 2033 714 enim
2088 650 2405 714 seorsum
2460 642 2806 724 habitare,

526 775 595 833 ut
646 764 733 833 ab
788 766 950 834 lone
997 764 1380 853 tangendae
1437 786 1572 833 non
1626 776 1863 835 essent
1915 807 2021 843 -,
2079 763 2205 834 sed
2256 764 2441 854 quod
2485 764 2551 832 in
2591 763 2810 833 Phor-

521 882 749 954 cidum
805 884 1199 973 fragmentis
1241 883 1504 954 Graeae
1563 894 1631 953 ut
1685 885 2081 975 Gorgonum
2121 883 2450 953 custodes
2510 904 2670 975 prae
2730 883 2811 950 il·-

522 1003 606 1073 lis
657 1003 1030 1073 collocatae
1077 1003 1524 1096 appellantur,
1575 1004 1643 1093 id
1696 1015 1886 1074 certe
1927 1001 2230 1073 ostendit
2264 1013 2595 1091 utrasque
2647 1024 2810 1094 pro-

522 1123 712 1193 xime
766 1122 930 1203 sibi,
999 1132 1073 1192 ut
1131 1121 1316 1215 apud
1372 1122 1731 1203 Ovidium,
1795 1121 2190 1192 ,habitantes
2244 1121 2566 1211 cogitari,
2643 1143 2811 1190 cum

522 1243 925 1336 praesertim
979 1243 1205 1312 nullus
1259 1243 1666 1336 scriptorum
1725 1243 1790 1311 in
1837 1241 2186 1335 Aeschylo
2230 1242 2553 1311 nixorum
2606 1262 2812 1332 nym-

524 1360 690 1457 phas
746 1372 1101 1441 memoret,
1157 1361 1477 1432 omnibus
1515 1361 1844 1432 Perseum
1882 1383 1920 1431 a
1957 1362 2198 1432 Graeis
2241 1361 2462 1431 statim
2509 1358 2597 1429 ad
2633 1359 2812 1428 Gor-

522 1503 739 1572 gonas
788 1481 1163 1574 pervenire
1218 1481 1648 1552 facientibus.

727 1600 878 1683 Quo
923 1610 1152 1671 autem
1192 1621 1396 1671 causa
1446 1622 1528 1670 ac
1582 1599 1752 1669 ratio
1798 1599 1948 1670 eius
1997 1598 2530 1668 intercalationis
2575 1598 2813 1690 paullo

520 1719 771 1791 clarius
820 1719 1212 1800 illustretur,
1272 1721 1637 1811 requiritur
1694 1729 1766 1789 ut
1818 1719 2050 1788 Persei
2106 1718 2235 1787 iter
2280 1739 2433 1787 cum
2486 1716 2812 1787 Herculis

521 1839 824 1909 breviter
875 1861 1375 1932 comparemus.
1484 1838 1566 1908 Ut
1602 1839 1806 1929 igitur
1841 1838 2373 1929 Perseusparet
2421 1836 2810 1929 Polydecti,

521 1960 620 2029 sic
674 1959 749 2027 -in,
802 1958 1168 2050 Eurysthei
1221 1959 1507 2030 servitio
1565 1969 1671 2028 est
1723 1958 2088 2042 Hercules3
2173 1967 2242 2025 ut
2275 1957 2448 2035 ilie,
2524 1955 2625 2025 sic
2692 1953 2815 2025 hic

520 2099 798 2168 quoque
846 2098 1031 2148 arma
1089 2100 1128 2147 a
1178 2078 1311 2149 diis
1356 2078 1639 2171 accipit,
1698 2087 2064 2167 utrumque
2123 2082 2634 2168 prosequuntur
2682 2073 2812 2142 Mi-

521 2218 751 2269 nerva·
790 2207 860 2267 et
903 2197 1307 2278 MercuriuS,
1364 2196 1552 2289 quod
1605 2197 1936 2266 Hercules
1993 2196 2058 2264 in
2111 2193 2409 2264 Hesiona
2467 2193 2812 2286 periclita-

521 2329 627 2387 tur
679 2317 766 2385 ab
821 2317 1007 2387 omni
1067 2326 1255 2410 parte
1309 2326 1416 2389 est
1474 2317 1829 2409 exemplar
1883 2315 2212 2384 liberatae
2266 2335 2305 2380 a
2362 2313 2613 2382 Perseo
2664 2312 2812 2381 An-

519 2435 929 2516 dromedae,
978 2452 1182 2527 ·quae
1238 2437 1550 2528 sequitur
1605 2434 2090 2506 Laomedontis
2145 2431 2509 2503 infidelitas
2563 2431 2812 2502 Phinei

519 2566 588 2625 et
647 2555 988 2647 Agenoris
1062 2554 1342 2648 perfidia
1414 2557 1782 2648 imaginem
1843 2574 2036 2627 suam
2107 2554 2392 2646 accipit3
2468 2550 2811 2624 Hercules

519 2675 942 2746 Nereum'ut
983 2675 1166 2743 viam
1222 2676 1353 2745 sibi
1409 2686 1742 2747 monstret
1791 2675 1993 2765 cogit,
2051 2674 2348 2762 Perseus
2393 2672 2673 2752 Graeas,
2726 2696 2812 2745 ac

520 2795 651 2864 iam
694 2792 1038 2887 nymphae
1090 2794 1425 2888 nymphas
1472 2804 1771 2885 aequant
1830 2815 2011 2885 quae
2068 2803 2227 2863 sunt
2267 2793 2356 2862 ad
2400 2792 2809 2875 Eridanum,

519 2934 696 3004 quae
734 2914 1009 2984 Herculi
1062 2915 1503 3006 suppeditant
1555 2915 1806 3005 quibus
1854 2914 2062 2984 deum
2113 2913 2449 2981 marinum
2493 2927 2809 3005 superet,

519 3042 635 3101 aut
690 3032 906 3122 magis
974 3032 1179 3102 etiam
1252 3032 1789 3126 Hesperidibus,
1864 3053 2075 3123 quae,
2157 3042 2227 3101 ut
2280 3030 2409 3101 hae
2459 3032 2808 3103 Perseum

519 3151 726 3224 armis
755 3151 1233 3223 instruendum
1269 3163 1531 3232 curant,
1568 3174 1776 3222 aurea
1806 3161 2006 3246 poma
2030 3150 2445 3230 custodiunt,
2484 3162 2693 3243 atque
2731 3165 2806 3223 ut

521 3270 676 3340 illae
722 3271 1011 3344 comiter
1069 3273 1472 3364 plerumque
1526 3272 1801 3342 Herculi
1856 3270 2370 3361 obtemperant,
2439 3270 2539 3341 sic
2595 3272 2810 3342 etiam

515 3389 769 3460 Perseo
839 3389 1182 3483 nymphae
1238 3391 1391 3462 sine
1447 3392 1880 3462 recusatione
1935 3389 2121 3481 quod
2178 3401 2459 3460 servant
2511 3390 2807 3460 dedunt.

516 3508 784 3590 Quanto
843 3518 1351 3604 autemopere
1422 3511 1554 3579 iam
1618 3509 1707 3578 ab
1766 3509 2064 3599 antiquis
2130 3529 2257 3578 eae
2310 3509 2810 3581 similitudines

517 3637 1058 3717 agnoscerentur
1115 3628 1434 3700 facillime
1489 3629 1762 3699 videtur
1830 3649 1924 3697 ex
1988 3650 2073 3697 eo
2111 3627 2412 3720 >probari
2457 3629 2642 3719 quod
2699 3653 2802 3701 ex

515 3766 650 3818 una
699 3746 1065 3820 traditione
1097 3748 1360 3819 Graeae
1414 3750 1606 3843 ipsae
1652 3769 2022 3819 aureorum
2075 3757 2435 3840 pomorum
2469 3750 2811 3821 custodes

517 3874 709 3940 erant
744 3862 866 3957 ¹¹8).

724 3985 931 4076 Atqui
1000 3985 1332 4060 sactorum
1398 3986 1712 4056 Herculis
1786 4008 2033 4057 cursus
2107 3995 2178 4056 et
2250 3986 2810 4078 periculosarum

517 4104 1035 4199 expeditionum
1103 4105 1296 4174 orbis
1369 4127 1406 4176 a
1478 4106 1979 4198 posterioribus
2047 4105 2268 4196 poetis
2334 4106 2620 4176 aliorum
2676 4106 2814 4180 he-

517 4247 713 4297 roum
740 4226 911 4296 facta
936 4222 1384 4316 descripturis
1423 4249 1543 4318 pro
1572 4226 1950 4317 exemplari
1978 4235 2302 4317 acceptus
2341 4234 2470 4304 est,
2498 4248 2810 4318 eumque

515 4345 826 4435 singulae
865 4344 1288 4418 Graecorum
1336 4346 1652 4416 nationes
1695 4342 1948 4416 heroas
1986 4344 2119 4414 sibi
2166 4346 2417 4436 cuique
2473 4346 2812 4437 proprios
