2970 5100
1336 432 1393 503 52

225 638 310 708 tis
364 638 629 708 fuisse?
732 638 907 707 Satis
973 637 1140 706 mira
1209 648 1397 708 certe
1465 635 1636 709 baec
1682 639 2066 709 «Graearum
2131 640 2508 736 descriptio

221 768 328 827 est
401 758 507 826 illa
580 756 901 847 quidem,
959 755 1107 837 ‚sed
1178 756 1242 826 id
1310 756 1533 848 ipsum
1599 758 1862 828 scilicet
1927 761 2072 830 vult
2135 760 2504 842 HesioduS,

222 877 390 945 mira
446 897 526 945 ac
579 895 758 966 quae
813 898 967 945 cum
1026 897 1255 944 rerum
1313 885 1554 944 natura
1601 876 1977 947 convenire
2033 901 2168 948 non
2225 879 2509 949 videan-

222 1007 329 1065 tur
385 995 681 1076 referre3
753 1015 981 1083 neque
1055 995 1362 1086 profecto
1428 994 1814 1064 errabimus
1890 995 1949 1065 si
2007 998 2295 1089 proinde
2347 1020 2505 1068 eum

216 1114 302 1184 ad
352 1112 530 1182 hanc
573 1112 789 1204 ipsam
833 1112 1431 1183 admirabilitatem
1494 1113 2033 1185 manifestiorem
2077 1115 2505 1186 reddendam

217 1252 551 1323 genarum
610 1230 1188 1323 pulchritudinem
1243 1233 1431 1302 iuxta
1484 1234 1803 1303 canitiem
1851 1233 2140 1303 crinium
2189 1235 2507 1327 posuisse

216 1350 715 1443 sumpserimus
772 1360 843 1420 ut
889 1362 1041 1442 post
1098 1372 1353 1443 paucos
1415 1373 1664 1423 versus
1714 1350 2066 1424 Echidnae
2112 1363 2182 1423 et
2227 1352 2503 1423 foedam

217 1459 504 1564 piscium
561 1469 848 1538 caudam
905 1480 974 1538 et
1028 1468 1347 1562 pulchras
1383 1492 1601 1560 genas
1645 1483 1713 1542 et
1759 1471 2026 1542 lucidos
2063 1473 2302 1543 oculos
2341 1492 2505 1542 esse

216 1590 554 1660 fabulatur
576 1583 697 1684 1¹).
775 1591 827 1658 G
847 1611 886 1658 ο
906 1611 943 1658 3
965 1589 1056 1657 ttl
1080 1590 1157 1657 in
1175 1612 1219 1679 g
1245 1600 1518 1682 recepta
1547 1592 1817 1661 Seleuci
1849 1591 2164 1673 lectione,
2195 1611 2373 1682 quae
2396 1600 2505 1661 est

210 1707 691 1803 καλλιπάρῃος,
772 1729 923 1777 eam
983 1729 1224 1778 vocem
1280 1729 1458 1798 quae
1523 1721 1591 1779 et
1647 1712 1774 1803 ipsi
1828 1710 2068 1781 Graeis
2128 1731 2267 1780 non
2319 1709 2504 1782 bene

216 1829 420 1898 tribui
456 1848 662 1922 posse
703 1826 1056 1898 videretur
1095 1826 1179 1897 ad
1218 1827 1547 1898 Cetonem
1587 1831 1836 1910 retulit,
1882 1829 2085 1900 etiam
2126 1829 2278 1898 aliis
2317 1827 2502 1920 apud

212 1947 587 2019 Hesiodum
612 1943 706 2039 ¹2)
745 1947 915 2016 locis
953 1946 1053 2015 sic
1091 1947 1538 2038 appellatam3
1595 1948 1717 2018 sed
1753 1958 1939 2020 recte
1970 1943 2499 2035 Muetzell13)

211 2068 341 2138 hac
397 2078 534 2137 tota
586 2067 908 2137 carminis
964 2077 1154 2158 parte
1208 2064 1507 2159 epitheta
1579 2088 1856 2161 semper
1923 2065 2230 2146 filiabus,
2304 2089 2501 2138 num—

209 2209 414 2280 quam
479 2187 675 2257 matri
733 2185 1039 2279 impendi
1098 2185 1518 2286 observavit.
1627 2186 1820 2268 Quae
1875 2186 2075 2257 lectio
2130 2208 2215 2256 eo
2275 2185 2499 2257 minus

213 2307 584 2401 probabilis
640 2316 826 2377 esset
880 2305 940 2376 si
1006 2328 1161 2376 cum
1229 2305 1786 2395 Gocttlingio
1854 2326 1976 2397 pro
2039 2308 2374 2399 ,,Γραιάς“
2429 2303 2501 2375 id

210 2426 396 2518 quod
452 2438 558 2497 est
609 2426 873 2495 minore
932 2424 1238 2517 pondere
1287 2431 1616 2506 ,,παῐδας“
1661 2434 1731 2493 ut
1770 2424 2161 2513 legeremus
2195 2425 2497 2494 animum

213 2545 678 2640 potuissemus
733 2543 1084 2615 inducere.
1193 2544 1360 2612 Tum
1414 2544 1600 2614 enim
1658 2543 1724 2615 id
1770 2543 1960 2635 quod
2014 2556 2120 2615 est
2168 2552 2501 2628 ,,παῐδας“

215 2666 441 2735 solum
497 2686 618 2756 per
672 2685 750 2733 se
807 2662 1099 2754 positum
1159 2674 1367 2742 esset,
1426 2663 1492 2732 id
1557 2663 1745 2752 quod
1799 2663 1931 2732 nisi
1980 2664 2243 2735 Graeae
2297 2665 2498 2734 unica

214 2782 570 2876 Phorcyos
634 2791 702 2850 et
768 2781 1043 2850 Catonis
1111 2782 1341 2873 proles
1407 2782 1780 2867 afferentur
1843 2779 1992 2852 fieri
2047 2804 2184 2853 non
2241 2792 2506 2875 posset.-

212 2903 415 2993 Atqui
482 2901 808 2972 continuo
861 2900 952 2970 de
1005 2921 1088 2970 ea
1144 2900 1419 2971 subiicit
1471 2901 1814 2971 Hesiodus
1865 2902 2221 2991 Gorgonas
2274 2911 2343 2971 et
2397 2901 2497 2971 in-

212 3025 315 3093 fra
366 3020 821 3113 Hesperidum
877 3030 1268 3113 serpentem
1293 3017 1412 3111 14),
1471 3043 1563 3091 ex
1607 3042 1747 3111 quo
1792 3021 2101 3112 sequitur
2147 3027 2497 3103 ,,παῐδας“,

215 3143 271 3212 si
328 3142 397 3210 in
452 3141 707 3211 Graeas
763 3140 943 3210 solas
998 3152 1185 3211 esset
1242 3141 1704 3219 referendum,
1757 3141 2036 3210 retineri
2093 3162 2229 3210 non
2289 3162 2495 3233 posse

214 3261 347 3330 nisi
403 3260 596 3351 gravi
646 3259 879 3350 aliquo
931 3258 1271 3352 epitheto,
1341 3260 1546 3350 quale
1601 3258 1922 3330 traditum
1976 3270 2083 3331 est
2135 3266 2494 3341 „naalma-

213 3379 461 3473 ρήοις“,
515 3378 850 3471 apposito,
908 3417 1008 3429 --
1975 3387 1978 3390 ’

420 3499 670 3567 Verum
726 3497 1008 3567 minime
1062 3519 1214 3567 eam
1268 3497 1745 3589 repetitionem
1800 3517 1978 3587 quae
2017 3495 2089 3566 fit
2139 3518 2263 3590 per
2295 3497 2496 3569 itera-

214 3630 349 3689 tam
408 3640 652 3688 vocem
708 3624 1036 3710 ,,Γραῖαι“
1089 3616 1513 3697 remiserim,
1588 3616 1754 3708 quin
1811 3617 1875 3688 id
1942 3616 2128 3709 quod
2184 3617 2498 3707 sequitur

211 3737 380 3824 ,,δή“
462 3736 727 3808 servari
810 3756 963 3805 eam
1042 3737 1152 3806 vel
1232 3736 1689 3807 disertissime
1768 3736 2120 3828 requirere
2195 3736 2492 3807 videtur.

214 3857 481 3928 Etenim
538 3855 880 3927 Hesiodus
948 3878 1103 3925 cum
1166 3861 1410 3926 vocem
1477 3878 1658 3948 quae
1711 3866 1815 3927 est
1866 3863 2195 3951 ,,Γραῖαι“
2246 3855 2494 3926 iterum

217 3977 407 4072 ponit
481 3976 660 4046 bene
734 3975 866 4045 sibi
935 3986 1038 4046 est
1105 3975 1426 4047 conscius
1483 3997 1618 4046 non
1676 3997 1931 4045 nomen
1988 3972 2057 4044 id
2117 3974 2491 4067 proprium,

215 4096 341 4167 sed
407 4095 897 4189 appellativum
935 4094 1029 4186 15)
1096 4138 1198 4148 —
1270 4117 1447 4186 quae
1514 4094 1940 4186 grammatici
2008 4093 2337 4166 dixerunt
2390 4135 2492 4158 --

100 4229 103 4232 ’
214 4238 374 4287 esse
423 4227 491 4286 et
535 4213 921 4305 significare
961 4235 1170 4286 canas
1210 4217 1321 4286 vel
1359 4237 1602 4299 senes3
1656 4213 1976 4305 aliudque
2023 4234 2274 4283 nomen
2321 4234 2494 4308 quo-

217 4336 400 4405 niam
451 4335 802 4426 cognitum
867 4356 1007 4405 non
1067 4333 1307 4415 habet,
1384 4345 1728 4426 tamquam
1770 4332 2238 4405 excusationis
2282 4351 2489 4404 causa
