2970 5100
1603 446 1693 515 10

508 644 598 715 de
642 645 873 716 Persei
931 649 1194 718 fortiter
1245 648 1440 718 factis
1496 659 1764 739 agente,
1828 674 1964 722 non
2009 651 2096 721 de
2142 651 2381 721 Graeis
2429 650 2591 720 solis
2633 669 2795 718 ora-

506 765 762 835 tionem
821 767 1036 838 fuisse
1088 768 1155 839 id
1217 791 1304 836 ne
1362 768 1709 838 mentione
1764 770 2043 860 quidem
2102 780 2278 860 eget.
2389 770 2456 838 ln
2512 768 2796 860 grandi-

507 883 637 954 bus
692 886 872 954 enim
930 886 1080 957 eius
1134 887 1624 958 certaminibus
1681 888 1831 958 loco
1876 900 2033 960 sunt
2089 889 2291 959 valde
2347 888 2793 969 secundarie,

504 1026 805 1094 cumque
862 1003 1025 1074 nihil
1092 1007 1228 1076 sint
1298 1007 1427 1077 nisi
1499 1007 1674 1076 levia
1741 1008 2092 1079 obstacula
2153 1009 2339 1100 prius
2394 994 2793 1101 superanda

505 1144 711 1213 quam
765 1122 851 1192 ad
920 1123 986 1193 id
1051 1126 1236 1215 quod
1311 1148 1653 1196 summum
1710 1148 1790 1198 ac
1844 1126 2312 1198 difficillimum
2371 1136 2477 1197 est
2536 1150 2793 1220 perve-

506 1241 763 1321 niatur,
841 1242 1213 1313 admodum
1288 1245 1608 1336 exiguum
1671 1247 1951 1340 periculi
2008 1247 2071 1316 ei
2129 1246 2493 1340 praebent3
2575 1258 2797 1337 atque

504 1360 706 1430 etiam
765 1362 1161 1452 Gorgonum
1223 1364 1628 1435 custodibus
1687 1366 1769 1434 iis
1833 1367 2210 1456 designatis
2283 1367 2344 1435 in
2422 1364 2489 1435 id
2554 1366 2794 1459 'ipsum

505 1492 695 1550 certo
762 1481 1078 1552 ducimur
1152 1493 1223 1551 ut
1292 1506 1377 1552 ne
1446 1485 1804 1576 Gorgonas
1858 1487 2140 1578 quidem
2194 1485 2503 1556 defuisse
2565 1487 2631 1555 in
2689 1488 2795 1554 fa-

508 1600 687 1680 bula,
745 1612 982 1671 contra
1042 1602 1397 1697 primarias
1455 1605 1789 1696 quasdam
1848 1616 2074 1700 partes
2130 1605 2437 1676 tenuisse
2493 1628 2797 1676 censere

503 1719 908 1802 debeamus.

714 1840 1032 1911 Fortasse
1087 1842 1220 1911 tale
1272 1842 1528 1934 aliquid
1577 1842 1779 1913 etiam
1839 1865 1877 1912 e
1925 1841 2331 1914 Phorcidum
2390 1844 2582 1914 titulo
2628 1843 2799 1915 licet

505 1961 851 2056 colligere,
909 1959 1022 2051 qui
1073 1958 1234 2028 nihil
1283 1961 1467 2032 aliud
1518 1962 1768 2034 indicat
1812 1983 2017 2053 quam
2066 1962 2155 2032 de
2196 1961 2546 2058 Phorcyos
2594 1965 2796 2056 prole

502 2080 800 2150 fabulam
835 2101 1031 2164 esse3
1090 2080 1264 2149 inter
1302 2102 1506 2172 quam
1546 2083 1902 2172 Gorgones
1942 2104 2077 2152 non
2118 2083 2340 2153 minus
2381 2093 2539 2152 sunt
2577 2104 2797 2173 quam

504 2203 788 2271 Graeae.
914 2200 1084 2269 Nam
1153 2201 1469 2290 quamvis
1542 2201 1727 2294 apud
1793 2201 2212 2296 Aeschylum
2285 2202 2605 2273 distincte
2678 2203 2795 2273 bis

503 2320 876 2391 Phorcides
899 2316 1000 2411 ²¹¹)
1039 2330 1522 2412 nuncupent-ur
1560 2322 1845 2401 Graeae,
1896 2331 2122 2391 tamen
2163 2331 2405 2414 poetae
2438 2332 2506 2391 et
2541 2323 2796 2393 Graeci

504 2453 572 2512 et
599 2441 816 2509 Latini
855 2441 1244 2530 Gorgonem
1293 2439 1649 2511 Medusam
1681 2437 1778 2533 2⁵)
1837 2462 2088 2513 vocare
2143 2453 2373 2511 amant
2408 2440 2793 2535 Phorcyni-

503 2562 662 2632 dem
698 2552 844 2655 ²⁶),
913 2582 1094 2654 quae
1162 2561 1321 2630 item
1390 2563 1769 2654 appellatur
1841 2567 2134 2657 Φορκοῖο
2194 2570 2414 2651 γένος,
2498 2563 2794 2655 perinde

503 2681 783 2753 Phorcis
811 2679 945 2774 ²⁷);
1003 2690 1191 2751 certe
1245 2665 1677 2772 nequaquam
1737 2682 1905 2751 mire
1962 2703 2090 2751 nos
2148 2679 2403 2751 habere
2456 2695 2692 2775 posset
2737 2685 2794 2753 si

506 2803 571 2871 in
642 2802 866 2872 fabula
937 2822 1116 2892 quae
1183 2810 1288 2870 est
1356 2800 1444 2871 de
1515 2802 1754 2872 Graeis
1826 2812 1894 2871 et
1947 2801 2383 2891 Gorgonibus
2451 2813 2793 2894 utraeque

508 2943 788 2991 sorores
856 2928 1144 2991 cunctae
1197 2918 1605 2990 Phorcidum
1666 2920 1944 2990 nomine
2007 2918 2790 3013 comprehenderentur.

714 3040 997 3110 Duobus
1067 3050 1293 3109 autem
1368 3037 1589 3110 modis
1661 3040 1925 3110 Graeae
1992 3040 2058 3109 in
2134 3061 2338 3111 scena
2410 3043 2795 3113 collocatae

503 3184 663 3233 esse
725 3169 1068 3253 poterant,
1148 3169 1264 3228 aut
1318 3159 1647 3240 actriceS,
1720 3169 1835 3229 aut
1889 3160 1954 3227 in
2013 3158 2247 3229 choro.
2358 3160 2664 3229 Alterum
2734 3164 2794 3232 si

506 3280 1048 3372 sumpserimus,
1123 3278 1304 3348 haud
1372 3278 1743 3349 admodum
1801 3278 2226 3350 offenderem
2282 3280 2347 3348 in
2406 3303 2792 3373 cycnorum

504 3403 760 3471 forma:
808 3398 1060 3491 quippe
1112 3420 1235 3491 pro
1274 3398 1622 3471 domicilio
1679 3400 1760 3469 iis
1816 3420 2067 3492 specus
2112 3400 2386 3491 quidam
2444 3399 2528 3470 ad
2585 3401 2793 3473 cuius

507 3519 853 3589 introitum
909 3531 1498 3590 commorarentur
1552 3517 1752 3588 datus
1807 3540 1964 3588 esse
2018 3529 2301 3611 poterat,
2362 3529 2611 3588 utnon
2659 3520 2794 3589 uti-

502 3661 639 3730 que
693 3660 869 3731 opus
925 3651 1108 3710 esset
1165 3640 1234 3707 in
1290 3639 1580 3710 frontem
1632 3658 1884 3709 scenae
1940 3659 2058 3709 eas
2111 3631 2500 3731 provenire,
2558 3649 2626 3708 et
2671 3662 2795 3709 su-

505 3758 773 3853 periore
828 3768 1086 3827 tantum
1143 3758 1452 3850 corporis
1511 3769 1701 3851 parte
1756 3759 2157 3852 conspectui
2222 3759 2379 3828 data
2436 3781 2576 3827 rem
2636 3780 2795 3829 sce-

509 3880 728 3948 nicam
785 3879 1132 3971 sapienter
1185 3878 1626 3948 instaurantis
1672 3887 1858 3947 esset
1905 3879 2194 3948 formam
2254 3880 2448 3949 istam
2504 3878 2612 3947 vel
2670 3900 2794 3949 oc·

505 3998 738 4068 culere
793 3999 901 4068 vel
959 4008 1147 4067 certe
1203 4007 1334 4065 tam
1394 3997 1641 4067 leniter
1706 3996 2016 4068 indicare·
2076 4009 2146 4067 ut
2215 3999 2465 4068 nullam
2527 3998 2792 4068 excita-

506 4130 653 4188 tura
709 4127 894 4188 esset
947 4117 1426 4187 offensionem.
1540 4116 1669 4187 Sed
1738 4118 1959 4187 occuli
2021 4140 2159 4187 non
2228 4128 2540 4211 poterant
2606 4141 2791 4189 unus

507 4240 745 4310 oculus
796 4259 1113 4328 unusque
1168 4237 1366 4317 dens,
1417 4238 1535 4327 qui
1579 4236 1857 4327 quidem
1909 4239 2313 4331 praesertim
2363 4261 2516 4307 cum
2566 4238 2794 4330 ipsam

507 4358 925 4429 locutionem
978 4359 1374 4429 necessario
1426 4358 1728 4427 mutilam
1787 4357 2178 4429 redditurus
2233 4368 2441 4438 esset,
2498 4380 2574 4427 re
2620 4380 2797 4428 vera
