2970 5100
1556 456 1652 528 411

467 661 669 733 datae
727 674 919 747 sunt3
988 685 1116 733 nec
1183 684 1338 732 raro
1403 663 1607 731 etiam
1664 663 1730 731 in
1787 663 1937 754 ipso
2004 662 2387 732 velocitatis
2446 660 2761 731 antistite

467 782 809 852 Mercurio
866 783 1015 850 alae
1069 782 1708 852 animadvertuntur
1759 781 1950 850 varie
2006 782 2414 850 cumulatae.

672 902 753 969 Et
786 899 890 972 bis
929 900 1207 991 quidem
1244 901 1328 968 ad
1374 900 1818 969 memorabile
1855 900 2076 981 Musei
2106 900 2473 969 Britannici
2502 919 2630 970 vas
2650 893 2762 991 28)

467 1021 807 1099 ducimur,
864 1019 1044 1111 quod
1104 1019 1464 1088 Panofka
1492 1017 1590 1113 ²9)
1649 1018 1914 1088 effinxit
1968 1030 2036 1088 et
2088 1020 2173 1089 ad
2217 1020 2540 1089 Perseum
2592 1043 2762 1089 cum

467 1141 686 1210 Graea
762 1140 1005 1210 retulit..
1141 1138 1336 1219 Quod
1403 1163 1493 1209 ex
1565 1142 1716 1210 eius
1791 1140 2352 1231 interpretatione
2421 1140 2761 1208 Perseum

465 1258 750 1330 exhibet
825 1260 1147 1329 iuvenem
1215 1270 1647 1336 currentem,
1737 1280 1890 1329 cum
1966 1259 2229 1348 magnis
2301 1257 2757 1329 humerorum

464 1380 589 1448 alis
617 1373 951 1468 alatisque
978 1377 1236 1466 caligiS,
1294 1390 1491 1448 veste
1535 1378 1766 1448 stricta
1820 1379 2201 1468 cinctaque,
2247 1401 2285 1446 e
2327 1378 2519 1446 mitra
2558 1379 2760 1448 corio

466 1500 662 1577 sacta,
723 1497 873 1567 sine
915 1497 1156 1579 armis3
1214 1498 1627 1567 Mercurium
1666 1497 1964 1590 respicit,
2021 1497 2137 1588 qui
2177 1497 2319 1590 pari
2356 1509 2552 1567 veste
2580 1498 2759 1566 ami-

465 1631 617 1688 ctus
671 1627 739 1686 et
791 1615 987 1685 alatis
1042 1616 1278 1707 caligis
1327 1614 1712 1709 praeditus,
1758 1628 1993 1709 petaso
2048 1627 2251 1709 caput
2304 1626 2601 1706 tegente,
2661 1618 2761 1686 si-

467 1738 680 1807 nistra
730 1737 1007 1825 longum
1058 1745 1333 1805 tenente
1382 1735 1783 1815 caduceum,
1833 1736 2017 1804 lente
2067 1735 2526 1828 progreditur,
2583 1735 2757 1805 dum

467 1876 714 1925 manus
778 1854 1094 1924 docentis
1161 1855 1374 1925 instar
1441 1855 1745 1946 porrigit.
1854 1855 2023 1924 Prae
2089 1855 2340 1945 quibus
2406 1876 2442 1922 a
2504 1854 2760 1924 dextra

464 1977 706 2055 Graea,
762 1973 911 2043 avis
957 1994 1111 2043 cum
1160 1972 1441 2066 pulchro
1483 1996 1605 2043 ore
1646 1971 1971 2054 humano,
2031 1973 2438 2044 mirabunde
2487 1974 2753 2043 innixa.

471 2091 619 2189 [Tb.
672 2095 717 2162 1.
775 2116 841 2161 n.
894 2088 990 2186 1].

672 2211 842 2281 Huic
894 2232 1174 2301 quoque
1230 2210 1669 2280 Panofkae
1714 2210 2257 2304 interpretationi
2311 2211 2758 2283 intercessio-

466 2354 624 2402 nem
681 2331 840 2401 fecit
894 2326 1489 2419 Wieseler3ss)‚
1569 2342 1637 2400 et
1703 2330 1982 2420 quidem
2052 2331 2344 2422 primum·
2400 2353 2481 2401 ea
2539 2352 2755 2403 causa

466 2449 652 2541 quod
721 2448 831 2520 hic
896 2471 1033 2519 non
1098 2451 1537 2545 semicycno,
1615 2449 1736 2519 sed
1800 2447 1963 2519 nihil
2028 2470 2232 2539 quam
2304 2473 2459 2521 cum
2524 2452 2757 2544 capite

469 2569 770 2641 humano
838 2591 968 2641 ave
1037 2571 1382 2664 proposita
1453 2593 1533 2641 ea
1604 2591 1781 2661 quae
1835 2568 1921 2638 ad
1978 2570 2265 2640 Graeam
2321 2571 2756 2652 formandam

473 2691 988 2781 requirerentur
1057 2690 1338 2761 omnino
1415 2713 1550 2760 non
1591 2688 1971 2760 adessent..
2113 2689 2365 2759 Verum
2445 2689 2512 2760 id
2588 2713 2755 2761 esse

467 2833 676 2881 nemo
720 2808 968 2880 infitias
1009 2809 1163 2877 ibit:
1226 2832 1377 2879 nam
1433 2833 1589 2880 cum
1638 2829 1973 2903 cycneum
2022 2831 2274 2901 corpus
2324 2810 2580 2879 nullum
2632 2832 2756 2904 ap-

470 2933 706 3023 pareat
771 2928 997 3022 potius
1064 2927 1231 2999 baec
1299 2929 1516 3021 figura
1583 2951 1673 2999 ex
1729 2928 1810 2997 iis
1867 2938 1973 2997 est
2025 2950 2204 3017 quac
2260 2930 2367 2998 vel
2420 2929 2756 3021 plurimae

472 3051 539 3118 in
597 3046 996 3118 vetustioris
1042 3049 1176 3119 stili
1230 3050 1416 3120 vasis
1468 3048 1912 3119 inveniuntur
1938 3043 2073 3140 3¹),
2132 3048 2282 3118 sive
2334 3047 2752 3138 singulatim,

469 3170 619 3240 sive
672 3167 899 3246 binae,
955 3168 1105 3238 sive
1154 3169 1562 3239 multifariae
1585 3165 1706 3255 3⁶²),
1766 3178 1905 3237 tum
1954 3169 2137 3237 iuxta
2177 3164 2496 3258 deos33),
2558 3170 2754 3238 iuxta

465 3288 781 3359 homines
806 3282 907 3380 3‘¹)
955 3299 1023 3357 et
1070 3287 1245 3357 inter
1292 3288 1549 3358 bestias
1575 3286 1708 3378 35):
1758 3288 2038 3358 omnino
2078 3284 2289 3377 figura
2328 3290 2746 3380 frequentis-

468 3408 672 3486 sima,
754 3428 958 3498 quam
1029 3406 1544 3478 dilectissimam
1616 3407 1831 3478 fuisse
1899 3408 2103 3476 etiam
2160 3406 2229 3475 in
2285 3420 2530 3479 noctua
2589 3431 2748 3477 cum

465 3527 688 3619 capite
758 3536 827 3596 et
899 3527 1108 3596 armis
1182 3526 1533 3596 Minervae
1600 3527 2005 3620 saepissime
2079 3523 2240 3596 ficta·
2307 3529 2613 3597 cernitur
2650 3526 2754 3621 36)

469 3646 910 3737 maximeque
972 3646 1038 3714 in
1088 3647 1404 3717 Sirenum
1467 3668 1727 3738 genere
1793 3645 2063 3740 probari
2124 3658 2347 3738 potest
2369 3644 2489 3739 3⁷).
2615 3650 2754 3720 Sed

469 3767 595 3836 ista
653 3765 1122 3859 interpretatio
1166 3787 1601 3857 nequaquam
1657 3767 1724 3835 in
1774 3788 2046 3837 omnem
2097 3787 2333 3835 earum
2377 3766 2753 3859 figurarum

466 3886 731 3956 turbam
790 3883 1076 3964 sufficit,
1152 3905 1234 3955 ac
1289 3908 1416 3955 suo
1474 3886 1624 3955 iure
1681 3885 2053 3956 Panofka
2094 3882 2188 3978 38)
2246 3886 2377 3957 sub
2431 3889 2753 3958 Sirenum

466 4005 660 4075 titulo
731 4005 991 4095 aliquot
1062 4005 1467 4075 feminarum
1552 4006 1619 4075 in
1690 4028 1859 4076 aves
1936 4018 2340 4085 mutatarum
2414 4007 2755 4097 imagines

463 4124 912 4216 gravissimas
956 4124 1310 4214 exstingui
1362 4138 1611 4196 monet.
1721 4126 1839 4197 Cui
1889 4126 2430 4220 interpretationi
2476 4151 2632 4198 cum
2686 4129 2756 4199 id

465 4243 651 4335 quod
704 4245 891 4312 iuxta
944 4244 1113 4315 tales
1168 4266 1322 4313 cum
1380 4244 1698 4316 femineis
1752 4246 2089 4339 capitibus
2137 4268 2307 4317 aves
2355 4246 2561 4315 etiam
2614 4270 2754 4318 ma-

464 4364 722 4444 sculae,
783 4362 1111 4435 barbatae
1139 4358 1241 4458 39)
1278 4364 1715 4457 reperiuntur
1757 4366 1923 4436 satis
1959 4366 2207 4447 obstat,
2247 4376 2388 4436 tum
2432 4366 2582 4437 sine
2624 4367 2753 4437 du-
