2970 5100
1643 471 1736 541 38

549 697 776 745 sarum
820 684 1053 744 contra
1105 674 1587 745 Prometheum
1642 698 1778 744 non
1836 676 2165 744 allaturus
2216 676 2280 746 id
2340 675 2521 744 addo
2575 674 2849 745 habere

551 816 677 864 nos
719 795 981 863 scilicet
1016 795 1386 886 permultas
1426 794 1988 884 certissimasque
2031 794 2209 863 illius
2250 793 2601 863 hominum
2646 816 2848 864 crea-

548 913 715 981 toris
772 913 1132 1002 imagines,
1192 935 1372 1003 quae
1428 926 1496 982 et
1552 914 1741 1006 ipsae
1799 913 1945 981 istis
2001 935 2172 1003 quas
2229 913 2409 983 idem
2462 913 2848 984 ostendere

549 1042 785 1124 putant
844 1033 1253 1122 imaginibus
1302 1033 1566 1102 directe
1621 1032 1978 1124 oppositae
2039 1031 2339 1119 sint¹¹);
2397 1044 2471 1101 ut
2526 1043 2659 1101 tam
2721 1033 2849 1102 de-

545 1148 734 1219 finite
780 1173 985 1241 quam
1047 1151 1474 1221 Wieseler
1528 1151 1760 1220 Persei
1815 1161 1883 1219 et
1935 1153 2199 1220 Graeae
2255 1153 2847 1245 nuncupationem

549 1247 865 1362 repudiat
921 1269 1082 1339 mihi
1139 1271 1261 1339 ista
1321 1269 1707 1340 Promethei
1768 1270 2191 1362 repudianda
2250 1271 2581 1341 videatur.

751 1390 837 1459 At
897 1411 1146 1480 graves
1213 1391 1433 1459 fuisse
1502 1411 1746 1459 causas
1819 1412 2113 1458 necesse
2184 1401 2288 1458 est
2360 1411 2535 1481 quae
2611 1391 2846 1460 virum

547 1507 824 1577 doctum
882 1509 1311 1579 adducerent
1366 1521 1439 1578 ut
1495 1511 1866 1579 Graearum
1918 1509 2547 1601 interpretationem
2596 1511 2850 1581 reiice-
2935 1574 2936 1577 ,

549 1639 671 1696 ret.
782 1631 1078 1699 Primum
1139 1641 1245 1698 est
1302 1629 1508 1718 igitur
1563 1627 1748 1719 quod
1809 1651 1986 1696 unus
2053 1629 2229 1698 deus
2296 1652 2429 1698 non
2502 1630 2849 1700 indicatus
2935 1688 2936 1691 η

548 1748 667 1830 sit;
724 1760 789 1816 at
830 1747 991 1817 hinc
1035 1748 1185 1816 sine
1232 1748 1450 1816 dubio
1493 1747 1814 1816 nimirum
1862 1744 2080 1815 fictori
2130 1749 2366 1817 liceret
2420 1750 2597 1816 illam
2646 1773 2849 1819 mon-

548 1877 757 1935 stratu
818 1889 985 1937 sane
1033 1864 1499 1936 difficillimam
1557 1877 1807 1944 notam,
1867 1865 1924 1933 si
1972 1868 2220 1936 ceteris
2271 1868 2575 1960 partibus
2616 1871 2847 1940 Graea

546 1984 859 2075 dignosci
921 1998 1176 2078 posset,
1245 1985 1589 2063 omittere,
1665 1985 2066 2076 praesertim
2123 2008 2275 2055 cum
2337 1987 2466 2055 iam
2521 1989 2608 2056 ab
2665 1989 2850 2058 ohli-

547 2125 684 2193 quo
748 2127 828 2174 ea
897 2104 1342 2197 proponenda
1415 2104 1899 2172 necessitatem
1977 2104 2129 2174 eius
2204 2104 2635 2194 significandi
2704 2109 2847 2178 sibi

549 2223 961 2302 sustulisset,
1019 2222 1198 2302 hinc,
1260 2233 1329 2293 ut
1367 2225 1496 2291 iam
1544 2244 1747 2314 supra
1786 2236 2235 2292 memoratum
2276 2237 2401 2302 est,
2448 2248 2622 2297 unus
2662 2226 2848 2299 dens

548 2364 865 2432 unusque
921 2342 1161 2412 oculus
1210 2343 1475 2412 Graeae
1531 2342 1711 2434 apud
1770 2341 2052 2411 totidem
2110 2345 2480 2436 scriptores
2534 2347 2848 2419 omissus

545 2472 751 2552 atque
805 2462 1051 2531 allatus
1106 2472 1232 2530 est.

752 2582 986 2650 Altero
1062 2583 1216 2651 loco
1297 2579 1528 2651 lictum
1610 2601 1767 2649 esse
1841 2582 2117 2650 oculum
2208 2583 2301 2650 ait
2373 2583 2845 2669 Wieseler3

547 2700 874 2790 quidnam
937 2701 1225 2794 proinde
1282 2701 1612 2770 Perseum
1672 2699 1737 2768 in
1799 2701 2062 2769 Graeae
2118 2701 2340 2793 capite
2393 2711 2553 2770 tunc
2607 2705 2847 2773 velle?

549 2818 715 2888 Cum
767 2821 855 2888 ab
910 2820 1194 2910 obliquo
1249 2819 1694 2911 aspiciendae
1758 2819 1914 2898 sint,
1970 2841 2109 2909 quo
2169 2821 2392 2889 minus
2446 2820 2845 2893 distinctius

547 2939 636 3008 de
676 2941 1050 3009 Graearum
1099 2938 1318 3007 oculis
1363 2937 1748 3007 iudicemus
1791 2936 2273 3029 prohibemur3
2335 2961 2558 3030 neque
2605 2950 2845 3012 tamen

548 3058 615 3129 id
688 3060 920 3148 egisse
973 3055 1306 3126 artificem
1378 3056 1676 3126 arbit-ror
1733 3067 1800 3125 ut
1858 3078 1935 3126 ea
1993 3056 2294 3146 fingendi
2355 3060 2616 3128 ratione
2679 3084 2846 3153 ope·
2931 3129 2932 3136 ,

546 3186 663 3247 rae
719 3176 1184 3247 difficultatem
1243 3176 1586 3254 elevaret,
1660 3197 1797 3265 quo
1852 3178 1995 3245 fere
2053 3177 2263 3246 modo
2316 3177 2581 3248 Graeae
2648 3180 2845 3272 ipsae

545 3295 1074 3389 Mephistopheli
1130 3294 1311 3386 apud
1369 3293 1791 3386 Goetheum,
1867 3318 2005 3386 quo
2063 3297 2380 3365 facillime
2434 3319 2472 3367 e
2526 3320 2660 3367 suo
2721 3323 2845 3368 nu-

546 3438 741 3486 mero
795 3416 1148 3486 videretur
1183 3411 1311 3504 ¹⁴²),
1383 3413 1607 3485 standi
1664 3413 1970 3483 habitum
2029 3416 2431 3496 consulunt,
2502 3418 2624 3487 sed
2689 3442 2846 3511 pro-

548 3546 778 3629 pterea
839 3534 907 3604 id
966 3535 1215 3604 secisse
1273 3534 1460 3625 quod
1530 3534 1825 3603 maxime
1878 3556 1955 3603 ea
2018 3536 2187 3603 ratio
2242 3535 2595 3605 videretur
2652 3561 2847 3608 com-

547 3654 745 3724 moda
803 3654 888 3722 ad
945 3654 1118 3723 duas
1174 3674 1508 3745 personas
1554 3674 1840 3743 quarum
1892 3654 2100 3724 altera
2162 3675 2323 3746 prae
2377 3656 2588 3724 altera
2648 3671 2846 3728 stans

546 3777 612 3843 in
670 3796 749 3844 ea
805 3773 1063 3864 aliquid
1130 3784 1316 3843 esset
1383 3782 1614 3843 actura
1681 3773 2099 3844 formandas.
2208 3773 2410 3863 Atqui
2469 3798 2685 3844 unum
2749 3778 2847 3846 vi-

542 3894 792 3963 demus
846 3894 1158 3971 oculum,
1237 3892 1360 3962 sed
1426 3902 1623 3961 estne
1692 3891 1798 3962 hic
1869 3894 2110 3963 oculus
2177 3915 2508 3972 cernens,
2584 3897 2846 3988 pupilla

545 4013 927 4106 praeditus,
1005 4023 1072 4080 et
1125 4033 1261 4080 non
1322 4012 1628 4080 foramen
1688 4023 1944 4081 tantum
2002 4014 2179 4082 oculi
2223 4009 2366 4103 ¹3)·?
2489 4014 2562 4080 ln
2631 4012 2847 4085 huius

544 4131 952 4226 paragraphi
1020 4131 1297 4199 introitu
1371 4132 1638 4222 egimus
1705 4130 1792 4200 de
1866 4131 2162 4221 imagine
2233 4153 2365 4223 qua
2437 4130 2620 4201 duae
2701 4157 2845 4203 non

543 4251 798 4322 dubiae
863 4253 1125 4322 Graeae
1194 4251 1372 4321 binis
1437 4251 1794 4320 oculorum
1850 4250 2301 4320 foraminibus
2357 4263 2843 4331 cernerentur,

544 4371 751 4462 idque
806 4393 892 4442 eo
948 4372 1099 4464 ipso
1160 4371 1493 4463 temporis
1561 4381 1910 4440 momento
1958 4393 2097 4461 quo
2154 4393 2332 4440 unus
2393 4371 2475 4441 iis
2530 4372 2845 4465 eripere-
