2970 5100
1548 399 1644 470 128

452 602 675 693 iisque
729 602 843 693 qui
892 624 1050 672 eum
1106 603 1321 673 secuti
1377 585 1573 672 erant
1625 603 1802 683 nixi,
1876 616 1988 673 aut
2048 606 2359 698 proprias
2413 607 2480 675 in
2541 627 2742 675 mon-

455 731 589 789 stra
643 723 766 791 ista
823 723 1079 791 formas
1131 722 1445 791 invenire
1494 732 1613 790 aut
1665 735 1866 814 typos
1916 724 2046 791 iam
2102 726 2473 815 aliquando
2522 725 2590 793 iu
2646 726 2745 794 si-

454 840 729 910 milibus
788 852 1152 933 usurpatos
1207 841 1412 909 etiam
1478 841 1718 910 Graeis
1779 840 2168 923 vindicare,
2242 845 2545 935 denique
2599 844 2742 922 alii,

455 981 546 1029 ex
600 959 875 1029 diversa
933 961 1081 1030 eius
1137 961 1324 1051 quod
1368 970 1473 1029 est
1513 960 1696 1052 apud
1736 958 2155 1054 Aeschylum
2199 962 2746 1058 ,,κυκνόμορφοι“

455 1080 1015 1170 interpretatione
1089 1079 1507 1172 pendentes,
1589 1080 1919 1169 integram
1996 1103 2371 1174 cycnorum
2450 1082 2746 1150 formam

456 1199 696 1269 Graeis
750 1197 918 1267 dare
973 1199 1342 1291 potuerint.

2087 1525 2113 1563 Ι

1473 1567 1543 1663 ς.
1655 1570 1723 1642 7.

623 1723 737 1788 De
779 1718 1049 1788 Graeis
1093 1735 1268 1787 cum
1311 1720 1800 1800 Gorg-onibus
1840 1721 1925 1788 in
1970 1721 2335 1803 antiquae
2380 1723 2575 1788 artis

1332 1833 1873 1900 monumentis,
2251 1848 2254 1851 ·

671 2034 860 2116 Quae
917 2033 982 2101 in
1045 2029 1461 2124 mythologie
1522 2030 1780 2100 Graeca
1834 2041 2109 2122 praeter
2160 2031 2484 2101 Perseum
2545 2033 2755 2101 ratio-

464 2176 620 2224 nem
676 2176 829 2224 cum
874 2151 1115 2221 Graeis
1168 2147 1423 2219 habent
1470 2150 1830 2236 Gorgones
1875 2160 2069 2220 sunt:
2127 2171 2417 2243 quarum
2464 2151 2752 2241 quidem

463 2298 617 2346 cum
693 2269 1234 2344 innumerabiles
1311 2269 1648 2359 imagines
1724 2279 2006 2338 exstent
2071 2270 2250 2340 illico
2326 2271 2611 2342 forsitan
2681 2272 2755 2340 in

467 2415 590 2487 spe
645 2391 881 2461 haberi
944 2389 1240 2482 potuerit
1294 2389 1497 2458 etiam
1556 2389 1622 2456 in
1673 2388 1930 2458 Graeas
1979 2390 2183 2457 multa
2235 2412 2324 2459 ex
2384 2391 2465 2460 iis
2517 2391 2758 2481 acqui-

464 2516 671 2585 sit-um
726 2512 841 2596 iri3
906 2520 974 2579 at
1029 2527 1466 2600 nequaquam
1528 2530 1640 2579 res
1693 2509 1780 2578 ita
1834 2529 1911 2578 se
1965 2506 2195 2579 habet.
2303 2509 2450 2580 Non
2509 2509 2758 2581 viden-

462 2646 571 2704 tur
624 2632 753 2701 nisi
805 2629 1037 2699 Persei
1093 2628 1352 2719 gratia,
1411 2628 1479 2698 id
1537 2628 1722 2719 quod
1781 2629 1913 2697 iam
1977 2628 2165 2721 prius
2223 2631 2489 2710 monui,
2546 2628 2757 2699 artifi-

380 2786 388 2795 ·
463 2775 582 2823 ces
634 2751 821 2820 vires
877 2769 1039 2818 suas
1094 2748 1581 2831 contendisse3
1669 2748 1924 2841 quippe
1979 2748 2236 2819 Graeas
2307 2749 2370 2816 in
2444 2749 2758 2841 plurimis

463 2872 858 2960 Gorgonum
917 2866 1330 2957 imaginibus
1384 2868 1793 2957 indagantes
1852 2889 2145 2939 necesse
2201 2878 2306 2937 est
2364 2869 2469 2938 bis
2522 2869 2759 2959 acqui-

465 3011 709 3061 escere
755 2988 823 3056 in
867 2987 1284 3067 coniectura,
1346 2987 1431 3055 ita
1479 2997 1554 3055 ut
1598 2986 1941 3078 opinionis
1986 2988 2072 3058 ad
2122 2987 2602 3058 certitudinem
2651 3010 2761 3057 re-

464 3106 808 3199 digendae
861 3127 1000 3175 non
1047 3105 1250 3175 detur
1299 3106 1534 3198 copia,
1589 3126 1818 3197 neque
1864 3116 2092 3176 tamen
2135 3107 2281 3176 illas
2327 3108 2763 3199 supprimere

465 3229 812 3305 volumus,
869 3224 1437 3316 quandoquidem
1495 3226 1794 3295 fortasse
1847 3226 2341 3317 aliquantulum
2390 3226 2474 3296 ad
2523 3228 2764 3315 gravia

467 3355 908 3418 monumenta
967 3343 1376 3436 explicanda
1432 3345 1754 3415 conferre
1816 3355 2136 3438 poterunt
2190 3368 2482 3438 quorum
2534 3345 2765 3417 adhuc

465 3490 603 3537 non
660 3474 927 3536 constat
980 3476 1165 3533 certa
1225 3463 1723 3556 interpretatio.

672 3582 1018 3676 Amphora
1079 3582 1187 3650 illa
1245 3583 1617 3652 Casuccina
1665 3581 1721 3670 ¹)
1782 3580 1934 3677 [Tb.
1986 3585 2060 3652 ll.
2119 3608 2184 3653 n.
2235 3580 2335 3677 2.]
2393 3605 2555 3663 non,
2617 3586 2764 3678 opi-

470 3728 617 3785 nor,
679 3724 1131 3796 personarum
1175 3701 1265 3770 ad
1315 3724 1519 3771 unam
1575 3703 1928 3773 actionem
1972 3704 2458 3796 pertinentium
2508 3705 2768 3774 seriem

469 3825 604 3901 vel,
642 3843 842 3892 unam
905 3844 1048 3891 rem
1105 3822 1480 3902 continent,
1542 3822 1689 3901 sed,
1746 3821 1810 3893 id
1861 3823 2047 3913 quod
2104 3823 2169 3891 in
2227 3822 2572 3893 similibus
2624 3846 2772 3894 mo-

471 3941 821 4013 numentis
873 3962 1310 4031 nequaquam
1358 3951 1464 4011 est
1522 3942 1944 4021 inauditum,
2002 3943 2266 4035 plures,
2323 3942 2622 4014 fortasse
2680 3965 2770 4013 ex

474 4062 626 4131 aliis
660 4060 1073 4152 imaginibus
1109 4070 1438 4153 sumptas,
1491 4083 1601 4131 res
1631 4061 1809 4131 inter
1848 4082 1926 4131 se
1962 4061 2419 4153 compositas3
2477 4084 2774 4153 quarum

478 4182 960 4276 principalem,
1018 4191 1298 4250 secutus
1353 4180 1417 4249 in
1475 4202 1564 4250 eo
1626 4180 2136 4251 Levezowiu
2160 4202 2221 4248 m
2265 4177 2363 4269 ²),
2421 4204 2777 4272 cognosco

482 4302 873 4391 Gorgonem
916 4299 1277 4369 Medusam
1332 4321 1372 4368 e
1430 4297 1643 4394 mythi
1688 4300 2090 4371 discrimine
2139 4322 2281 4370 non
2329 4301 2443 4370 illo
2488 4301 2776 4392 quidem
