2970 5100
1536 467 1631 539 68

1454 729 1521 822 §-
1636 731 1700 800 6.

538 881 591 963 4)
639 891 892 944 Monum.
943 888 997 942 d.
1046 890 1181 943 inst.
1229 889 1316 943 IX.
1366 889 1477 944 tab.
1526 889 1680 944 XLII.
1730 907 1784 961 p.
1841 891 1975 942 464.

532 984 588 1066 2)
635 991 946 1046 Nouveiles
991 989 1244 1046 Annales
1290 990 1363 1044 de
1410 991 1624 1047 l'lnstit.
1674 995 1736 1047 ΙΙ.
1786 991 1896 1049 tab.
1945 991 2113 1047 XXIV
2160 996 2216 1046 et
2262 992 2371 1047 tab.
2419 993 2479 1048 C.

531 1092 587 1165 3)
635 1087 694 1168 a)
735 1094 999 1148 Perseus
1090 1093 1428 1149 Mercurius.
1520 1096 1793 1149 Minerva.
1884 1096 1980 1150 De
2029 1095 2240 1149 Witte
2290 1095 2463 1150 Catal.
2514 1095 2590 1150 du
2642 1113 2760 1152 ca-

442 1195 605 1250 binet
651 1195 884 1250 Dur-and
935 1212 990 1266 p.
1029 1198 1168 1251 403.
1260 1195 1318 1265 b)
1363 1198 1704 1252 Mercurius.
1797 1197 2094 1252 Hercules,
2173 1198 2385 1252 Venus.
2466 1198 2756 1254 Perseus.

443 1300 538 1353 De
587 1299 801 1352 Witte
849 1298 1089 1353 Cabinet
1134 1299 1421 1368 Etrusque
1468 1316 1524 1369 p.
1581 1302 1693 1354 449
1758 1316 1843 1370 sq.
1957 1297 2007 1370 c)
2057 1300 2333 1355 Hercules
2381 1304 2438 1355 et
2479 1303 2761 1356 Minerva

445 1417 550 1455 seu
597 1400 842 1455 Perseus
889 1405 947 1454 et
988 1401 1263 1455 Minerva.
1369 1403 1511 1457 Mus.
1564 1402 1992 1471 Gregorianum
2038 1403 2075 1456 Ι.
2127 1401 2240 1457 tab.
2290 1403 2418 1458 LVI.
2529 1405 2614 1459 De
2670 1407 2766 1460 si·-

448 1505 565 1558 mili
610 1519 749 1558 vase
797 1504 975 1574 figura
1022 1504 1331 1569 Perseum,
1380 1505 1615 1575 opinor,
1663 1498 1997 1573 significans
2047 1521 2197 1575 quae
2250 1512 2337 1561 est
2384 1523 2474 1576 ap.
2528 1508 2765 1563 Mica-
2836 1576 2842 1582 Π
2927 1528 2928 1551 ÷

448 1606 617 1660 lium
665 1607 816 1662 Mon.
862 1606 1022 1661 lned.
1070 1606 1181 1661 tab.
1227 1606 1369 1661 XIX.
1428 1622 1484 1660 n.
1541 1609 1570 1661 4
1622 1605 1867 1661 oriunda
1917 1622 2047 1663 esse
2095 1606 2338 1663 videtur.

477 1716 493 1724 '
540 1709 592 1777 4)
641 1709 957 1764 Panofka
1020 1711 1167 1764 hanc
1225 1711 1535 1780 imaginem
1596 1724 1839 1779 prorsus
1899 1709 2086 1764 obiter
2142 1717 2429 1767 memorat
2475 1706 2767 1789 (Perseus

455 1811 570 1865 und
622 1811 714 1866 die
765 1813 910 1868 Gra'a
961 1830 1018 1884 p.
1068 1815 1121 1866 6.
1171 1828 1226 1866 n.
1281 1806 1395 1888 46).

543 1907 600 1989 ὃ)
646 1915 795 1969 Num
843 1915 898 1969 id
948 1915 1103 1986 quod
1153 1917 1305 1970 inter
1353 1914 1495 1969 duas
1540 1929 1823 1983 personas
1869 1913 2150 1985 quodque
2196 1931 2371 1986 supra
2422 1922 2508 1972 est
2555 1917 2769 1972 nudas

455 2015 720 2084 designet
765 2016 1006 2072 arbores
1050 2017 1303 2087 ideoque
1350 2016 1419 2070 ad
1467 2016 1826 2071 horrendum
1886 2015 2201 2087 sterileque
2257 2018 2575 2074 Graearum
2642 2019 2774 2075 do-

466 2118 741 2173 micilium
804 2121 860 2173 in
923 2121 1195 2174 extremis
1243 2117 1460 2174 Oceani
1523 2117 1735 2174 finibus
1794 2119 2045 2188 positum
2114 2111 2196 2194 (ἓν
2243 2112 2517 2197 ἧρεμαίῳ
2565 2119 2772 2196 βαδί-

458 2241 642 2295 σματι
685 2223 761 2276 ait
804 2223 1182 2292 Palaephatus
1230 2221 1302 2275 de
1349 2220 1571 2276 incred.
1616 2213 1832 2296 XXXII)
1880 2224 2176 2290 spectent,
2225 2236 2487 2293 numque
2533 2238 2648 2292 per
2702 2225 2768 2281 id

458 2320 614 2393 quod
664 2339 840 2378 mauu
888 2330 1092 2380 tenere
1141 2323 1369 2378 videtur
1414 2324 1664 2378 Perseus
1709 2327 2026 2393 praecepto
2076 2324 2267 2392 futuro
2315 2329 2577 2392 tempore
2646 2344 2775 2398 pe-

457 2443 580 2480 ram
629 2442 962 2498 expressam
1011 2443 1139 2482 esse
1189 2427 1360 2480 liceat
1404 2441 1639 2481 sumere
1685 2426 1744 2479 in
1791 2423 2061 2494 ambiguo
2110 2441 2347 2480 manere
2395 2425 2588 2482 debet.

551 2525 606 2604 6)
654 2529 952 2585 Philemon
999 2546 1090 2600 ap.
1138 2527 1452 2585 Stobaeum
1501 2530 1564 2584 11.
1621 2529 1730 2594 27,
1799 2529 2132 2584 Meineke
2198 2529 2535 2600 Fragmenta
2598 2546 2769 2587 eom.

465 2632 559 2688 Gr.
614 2633 697 2687 1V.
750 2636 858 2698 32,
908 2633 1248 2688 Welcker
1295 2632 1512 2687 Simon.
1563 2629 1793 2701 Amorg.
1842 2632 2039 2701 fragm.
2089 2648 2144 2702 p.
2196 2635 2270 2687 39
2318 2647 2404 2702 sq.

551 2733 607 2804 7)
652 2733 757 2790 Od.
806 2737 842 2800 1,
898 2738 989 2803 46,
1046 2737 1116 2789 43
1165 2752 1250 2805 sq.

554 2835 608 2909 8)
656 2838 978 2892 visconti
1041 2838 1082 2893 11
1142 2839 1285 2893 Mus.
1350 2838 1445 2891 Pio
1514 2836 1789 2891 Clement.
1856 2836 1941 2891 IV.
2008 2835 2121 2891 tab.
2174 2838 2325 2903 247,
2399 2836 2776 2893 Ψίεεείθι·

464 2940 713 2995 Denkm.
760 2939 814 2993 d.
864 2938 1013 2994 alten
1061 2940 1247 2995 Kunst
1293 2942 1354 2994 11.
1402 2958 1454 2993 v.
1505 2938 1618 2993 tab.
1667 2938 1819 2993 LXV.
1870 2953 1929 2992 n.
1975 2941 2112 2994 840.

555 3041 611 3112 9)
658 3041 1094 3113 Besobreibung
1143 3041 1196 3095 d.
1245 3041 1406 3097 Stadt
1448 3042 1609 3096 Rom.
1663 3043 1723 3096 11.
1774 3045 1828 3097 2.
1877 3057 1933 3111 p.
1989 3044 2123 3095 490.

559 3138 655 3221 40)
701 3145 986 3213 Nachtrag
1030 3160 1132 3198 zu:
1180 3144 1502 3213 Verlegene
1545 3143 1799 3214 Mythen.
1865 3160 1918 3214 p.
1968 3147 2066 3198 20.

562 3240 658 3322 44)
705 3246 763 3301 V.
814 3246 1076 3317 exempla
1125 3245 1366 3301 collecta
1413 3264 1505 3318 ap.
1553 3246 1931 3301 Wieseler.
1982 3246 2012 3300 Ι.
2064 3262 2114 3303 ο.
2162 3244 2276 3299 tab.
2312 3245 2473 3301 LXIV
2516 3250 2576 3300 et
2604 3247 2774 3302 LXV.

562 3348 657 3419 42)
705 3348 913 3419 Opera,
963 3356 1292 3419 postremae
1341 3365 1547 3404 manus
1593 3348 1683 3403 ed.
1774 3348 1891 3403 Vol.
1938 3347 2068 3402 XLI.
2121 3364 2173 3417 p.
2229 3348 2376 3401 ⁴57:

727 3451 958 3517 „Druck
1005 3451 1081 3505 du
1132 3452 1225 3505 ein
1272 3450 1433 3522 Auge
1479 3468 1569 3517 zu,
1628 3451 1673 3505 's
1718 3451 1790 3505 ist
1835 3451 2009 3505 leioht
2053 3450 2366 3518 geschehn‚

728 3556 864 3609 Lass
910 3554 1145 3607 alsofort
1189 3553 1302 3607 den
1351 3554 1527 3609 einen
1572 3552 1846 3609 Raffzahn
1896 3553 2062 3618 sebo,

736 3656 880 3720 Und,
931 3656 1007 3709 im
1054 3655 1242 3721 Profil,
1292 3658 1454 3712 wirst
1498 3655 1574 3711 du
1622 3655 1878 3725 sogleich
1928 3655 2231 3709 erreichen

732 3758 1281 3824 „Geschwisteriich
1330 3759 1721 3814 voiikommen
1772 3772 1882 3813 uns
1927 3773 1998 3812 zu
2044 3756 2371 3825 gleichen.“

570 3861 665 3930 43)
715 3860 880 3929 Quod
943 3861 1002 3914 in
1063 3875 1287 3929 gemma
1349 3860 1450 3916 Tb.
1500 3863 1538 3915 Ι.
1587 3875 1643 3917 n.
1702 3862 1731 3915 4
1796 3858 1982 3914 efficta
2048 3873 2239 3927 neque
2302 3860 2507 3914 oculus
2568 3874 2776 3930 neque

479 3965 633 4020 oculi
676 3964 935 4019 foramen
986 3963 1046 4016 in
1094 3963 1414 4033 conspicuo
1462 3967 1549 4017 est
1594 3964 1645 4016 ei
1693 3963 1809 4027 rei,
1877 3962 2215 4031 priusquam
2271 3962 2453 4032 ipsam
2499 3962 2772 4028 viderim,

481 4083 600 4122 non
653 4063 968 4120 admodum
1016 4080 1293 4134 magnum
1342 4066 1618 4120 momenti
1664 4064 1983 4119 tribuerim.

564 4166 669 4240 ’44)
718 4169 858 4223 Mus,
910 4167 1209 4238 Capitolin.
1255 4166 1333 4222 St.
1380 4169 1418 4221 I.
1468 4165 1583 4222 tab.
1631 4166 1773 4232 LIX,
1846 4166 1916 4221 cf.
1963 4166 2208 4236 Hesych.
2275 4159 2572 4241 τριώπην.
2635 4185 2772 4241 τρι-

483 4266 831 4346 όφθαλμον.
883 4262 1181 4344 τριόπιος.

573 4367 667 4450 45)
713 4373 772 4425 V.
822 4373 914 4428 Ge
934 4372 1028 4427 rh.
1076 4370 1246 4427 Arch.
1281 4372 1396 4441 Ztg.
1452 4374 1632 4444 4854..
1680 4369 1793 4427 tab.
1826 4371 2033 4427 XXVII.
2074 4376 2103 4428 2
2157 4375 2215 4426 et
2259 4372 2452 4425 lovem
2483 4364 2775 4449 “Europa
