2970 5100
1315 445 1408 514 47

210 643 397 713 illius
466 645 669 734 fugae
736 645 1150 735 imaginibus
1223 613 1424 716 nobis
1495 648 1672 717 notis
1726 647 2107 717 Mercurius
2176 645 2264 715 ab
2320 645 2504 716 omni

212 764 434 853 magis
481 775 790 834 remotus
846 786 1006 834 esse
1063 766 1240 834 solet
1286 787 1490 855 quam
1539 767 1801 856 quiete3
1857 767 2078 858 potius
2125 767 2273 858 ipse
2320 767 2506 835 festi·
2595 800 2598 803 ·

210 895 332 950 nat
387 894 456 952 et
510 881 790 975 heroem
841 884 925 952 ad
976 884 1285 953 citiorem
1328 906 1605 954 cursum
1653 886 1903 963 incitat,
1955 907 2093 956 non
2140 885 2289 954 sine
2340 904 2501 954 cura

209 1021 295 1070 ac
355 1013 533 1070 metu
590 1003 739 1071 eius
795 1024 999 1092 quem
1058 1013 1286 1072 tuetur
1313 1000 1435 1094 ¹³6).
1546 1005 1748 1094 Atqui
1802 1003 1967 1095 quid
2028 1005 2307 1074 omnino
2365 1016 2504 1073 tum

212 1121 351 1190 sibi
394 1122 600 1191 vellet
648 1122 988 1213 Harpyia?
1094 1122 1446 1215 Proprium
1507 1146 1756 1217 nempe
1810 1123 2117 1216 mytbum
2163 1146 2291 1192 nec
2340 1125 2506 1193 scri-

213 1240 529 1332 ptoribus
586 1250 933 1310 servatum
992 1263 1267 1310 sumere
1325 1264 1618 1312 necesse
1669 1256 1889 1322 esset,
1959 1243 2045 1312 ad
2102 1263 2304 1333 quam
2360 1265 2501 1312 rem

212 1359 286 1427 ni
343 1359 773 1430 strictissime
821 1361 1228 1450 cogentibus
1273 1361 1503 1430 causis
1546 1361 1979 1431 descendere
2038 1363 2501 1453 nequiiemus,

212 1488 332 1546 aut
410 1477 764 1547 inventum
839 1479 1187 1595 quoddam
1265 1478 1579 1559 artificiS‚
1669 1481 1780 1550 cui
1861 1482 2046 1550 vasis
2129 1482 2383 1573 pictura
2466 1502 2501 1548 a

213 1596 709 1668 Wieselero
776 1599 1016 1677 allata,
1094 1621 1298 1689 quam
1374 1598 1941 1690 Stackelbeig
2013 1600 2080 1667 in
2156 1600 2504 1693 publicum

213 1712 586 1812 edidit4⁷)‚
646 1739 1077 1809 nequaquam
1127 1720 1370 1789 iustam
1422 1717 1584 1803 mihi
1633 1719 2150 1803 similitudinem
2198 1720 2502 1810 praebet.

427 1837 782 1905 Postremo
842 1838 903 1905 in
963 1838 1417 1906 Panofkae
1488 1838 2117 1930 interpretationem
2178 1839 2378 1906 etiam
2441 1839 2502 1907 id

214 1955 612 2025 conducere
670 1968 890 2049 potest
941 1956 1127 2046 quod
1184 1977 1426 2026 aversa
1482 1957 1632 2026 eius
1687 1957 1774 2025 de
1824 1979 1962 2047 quo
2010 1958 2276 2045 agimus
2324 1959 2507 2027 vasis

216 2097 381 2168 pars
436 2089 503 2144 et
560 2076 700 2167 ipsa
761 2098 904 2144 rem
964 2077 1028 2143 in
1086 2096 1216 2166 qua
1279 2077 1593 2146 intersint
1649 2078 1848 2169 cycni
1915 2077 2252 2152 ostendit,
2333 2078 2507 2146 scili-

215 2207 361 2266 cet:
448 2195 819 2264 Dioscuros
875 2195 1298 2284 equitantes,
1376 2197 1552 2265 inter
1605 2217 1781 2284 quos
1837 2195 1921 2264 ad
1982 2194 2503 2285 significandum

217 2325 445 2385 ortum
504 2335 741 2383 eorum
800 2336 1129 2406 cycnum,
1207 2316 1427 2405 qualis
1484 2315 1689 2384 etiam
1747 2315 1913 2383 alias
1972 2315 2257 2408 perinde
2316 2316 2506 2384 inve-

221 2434 406 2502 nitur
433 2430 555 2526 ²¹8).

429 2554 545 2623 His
599 2554 688 2623 de
743 2554 1114 2643 imaginum
1179 2554 1503 2623 Perseum
1578 2567 1646 2623 et
1714 2556 1971 2624 Graeas
2028 2553 2503 2626 exhibentium

216 2674 437 2753 serie,
512 2674 805 2765 paullum
867 2695 1032 2742 sane
1089 2673 1197 2740 illa
1251 2674 1528 2764 quidem
1587 2676 1812 2754 varia,
1883 2672 2087 2743 finem
2143 2674 2506 2768 imponens

215 2792 353 2863 hoc
421 2792 602 2862 addo
672 2794 874 2882 longe
949 2815 1057 2861 me
1124 2793 1375 2863 abesse
1450 2805 1521 2863 ut
1589 2795 1792 2863 unius
1860 2794 2194 2883 cuiusque
2269 2816 2507 2863 monu-

216 2913 432 2983 menti
506 2913 1137 3004 interpretationem
1221 2913 1426 2983 modo
1506 2913 1923 3006 propositam
1999 2914 2231 3003 utique
2306 2915 2506 2984 unice

218 3054 458 3103 veram
506 3055 664 3102 esse
723 3045 985 3124 putem:
1056 3054 1234 3122 quae
1293 3032 1453 3101 mihi
1511 3044 1769 3102 tantum
1835 3031 2105 3101 videtur
2158 3034 2506 3125 aptissima

218 3174 354 3222 nec
426 3152 861 3246 gravioribus
939 3152 1480 3222 dubitationibus
1547 3152 1875 3221 obnoxia.
2010 3151 2369 3222 Praeterea
2442 3155 2506 3221 in

220 3272 451 3341 multis
506 3271 588 3341 iis
643 3292 816 3360 quas
862 3272 1050 3340 attuli
1102 3271 1514 3361 imaginibus
1564 3271 1850 3363 rependi
1894 3271 2105 3340 debet
2153 3294 2357 3361 quam
2408 3275 2510 3341 in-

219 3392 408 3462 finita
468 3391 552 3460 sit
610 3391 979 3481 imaginum
1031 3391 1234 3460 nobis
1287 3402 1711 3461 servatarum
1763 3389 2124 3460 multitudo
2171 3413 2353 3481 quae
2399 3414 2510 3461 ce-

221 3525 368 3583 tera
425 3511 653 3580 Persei
713 3512 884 3580 facta
956 3511 1312 3591 celebrent
1378 3521 1585 3600 atque
1643 3511 1706 3578 in
1764 3506 1905 3578 uno
1961 3530 2239 3601 quoque
2296 3511 2510 3579 victo-

224 3633 476 3701 riarum
533 3631 682 3699 eius
741 3641 1085 3698 momento
1140 3629 1618 3699 exhauriendo
1676 3640 2079 3708 versentur,
2161 3640 2234 3697 ut
2306 3651 2510 3721 porro

221 3752 291 3819 in
373 3748 610 3839 figuris
689 3750 1093 3839 ceteroquin
1171 3749 1347 3818 adeo
1428 3769 1664 3840 parum
1743 3749 1924 3818 notis
2002 3748 2242 3838 quales
2316 3758 2511 3816 erant

221 3872 489 3940 Graeae
555 3865 937 3957 fingendis,
1018 3868 1108 3939 de
1176 3869 1431 3958 quibus
1504 3868 1914 3961 principales
1981 3877 2302 3937 auctores
2375 3879 2509 3935 tam
2581 3905 2585 3909 ·

220 3989 678 4059 veliementer
733 3988 1094 4067 differunt,
1175 4011 1328 4058 cum
1389 3987 1778 4080 Aeschylus
1844 3987 1975 4054 iam
2044 4008 2081 4054 a
2143 3986 2508 4057 scholiasta

222 4131 361 4177 non
424 4107 939 4196 intelligeretur,
997 4128 1309 4198 quasque
1364 4106 1625 4198 fingere
1681 4128 1794 4176 res
1848 4116 1995 4175 erat
2048 4126 2215 4175 sane
2270 4127 2306 4174 a
2365 4108 2511 4196 qui-

223 4229 541 4320 buspiam
594 4227 900 4319 partibus
957 4227 1305 4318 impedita,
1364 4247 1522 4318 pars
1575 4224 1913 4304 fictorum,
1973 4224 2345 4295 Hesiodum
2405 4247 2512 4294 se-

220 4349 382 4428 cuti,
430 4345 685 4437 figuras
722 4348 922 4440 plane
964 4345 1302 4417 humanas
1343 4335 1816 4426 formaverint,
1868 4344 2003 4424 alii,
2057 4346 2123 4414 in
2161 4343 2511 4438 Aeschylo
