2970 5100
1260 446 1357 518 49

154 650 363 721 nobis
423 659 586 720 not-o
641 648 970 721 Perseum
1023 651 1265 742 fugere
1317 659 1720 731 conantem,
1808 651 1925 741 qui
1989 672 2241 723 averso
2297 675 2442 734 ore,

155 791 250 839 ne
306 770 488 838 illius
543 780 823 863 aspectu
881 771 947 839 in
1005 771 1303 863 lapidem
1362 779 1699 851 mutetur,
1776 769 1905 840 sub
1958 768 2315 843 Minervae
2381 783 2446 843 et

154 888 485 959 Mercurii
540 890 746 960 tutela
805 899 1040 960 contra
1103 878 1495 980 Gorgonem
1553 888 1832 990 invadit..
1949 891 2273 962 Perseum
2330 880 2450 962 au-

153 1017 299 1078 tem
375 1030 529 1078 cum
604 1008 1014 1080 certitudine
1080 1009 1275 1101 galea
1349 1005 1737 1100 significare
1815 1008 2126 1080 videtur*
2169 1032 2451 1103 prorsus

156 1128 461 1220 propria,
518 1129 714 1198 cuius
770 1127 1144 1199 similitudo
1198 1151 1353 1199 cum
1410 1128 1716 1198 Plutonis
1771 1130 1889 1219 qui
1944 1129 2036 1198 illi
2085 1127 2279 1198 heroi
2335 1130 2456 1199 tri-·

156 1244 392 1316 buitur
427 1247 662 1337 galero
702 1244 762 1338 3)
806 1248 1165 1318 manifesta
1212 1246 1374 1316 mihi
1413 1246 1690 1316 videtur
1723 1269 1912 1318 esse·
2014 1232 2216 1339 Atqui
2260 1247 2448 1316 iuxta

154 1363 515 1435 Medusam
586 1388 849 1460 cycnus
916 1367 1371 1459 conspicitur:
1457 1387 1598 1456 quo
1665 1375 1854 1437 certe
1928 1369 1993 1436 in
2064 1368 2450 1460 propinquo

156 1495 265 1554 est
319 1505 525 1555 unam
580 1485 980 1565 Graearum,
1038 1485 1394 1576 Gorgonas
1447 1483 2004 1567 custodientium,
2069 1508 2456 1579 cycnorum:

155 1604 375 1674 forma
434 1605 921 1697 praeditarum,
979 1604 1258 1676 ostendi
1311 1614 1426 1672 aut
1482 1612 1670 1673 certe
1729 1603 2012 1691 indicari
2068 1627 2371 1676 sumere.
2457 1650 2460 1659 ·

366 1723 561 1794 Haud
614 1726 810 1795 aliter
865 1725 1148 1793 innota
1203 1723 1506 1815 carpenti
1560 1720 1879 1814 Perugini
1934 1745 2114 1815 quae
2157 1737 2264 1795 est
2307 1727 2460 1796 Mon

155 1845 309 1915 naci
372 1844 671 1935 imagine
725 1844 987 1915 caelata
1041 1843 1432 1932 Gorgonem
1497 1842 1768 1913 leonem
1820 1843 2272 1914 trucidantem
2328 1843 2450 1914 ex-

152 1961 423 2034 hibenti
483 1960 722 2058 [embl.
779 1986 845 2032 n.
895 1959 972 2057 lt]
1027 1962 1180 2031 avis
1236 1982 1417 2052 quae
1492 1983 1706 2054 prope
1762 1962 2083 2044 bestiam,
2157 1963 2245 2031 ab
2300 1963 2450 2033 eius

154 2083 510 2153 domicilio
568 2083 901 2161 seiuncta,
953 2091 1188 2153 erecto
1244 2081 1421 2151 collo
1471 2081 1776 2151 clamare
1820 2086 2028 2174 atque
2082 2083 2454 2152 imminens

156 2202 536 2294 periculum
594 2201 889 2296 prodere
943 2201 1178 2271 studet
1231 2199 1794 2271 commodissime
1849 2224 1972 2295 pro
2025 2223 2157 2271 una
2199 2201 2450 2271 Graea-

155 2336 314 2390 rum·
361 2319 719 2391 custodiae
766 2343 1016 2390 munus
1066 2319 1542 2389 exercentium
1584 2318 1897 2390 habenda
1945 2342 2105 2391 esse
2151 2320 2458 2392 videtur..

369 2439 812 2512 Fructuosior
846 2438 1007 2508 mihi
1050 2438 1269 2508 evasit
1311 2459 1393 2508 ea
1430 2439 1866 2530 investigatio
1908 2460 2110 2532 quam
2150 2439 2238 2508 ad
2267 2438 2458 2510 *hanc

159 2562 640 2651 quaestionem
682 2561 750 2628 in
791 2560 1135 2648 Gorgonei
1185 2559 1425 2651 capitis
1475 2559 1887 2650 imaginibus
1932 2561 2310 2630 innumeris
2350 2558 2450 2628 in-

160 2680 371 2760 stitui,
429 2699 847 2771 quamquam
896 2698 976 2747 ea
1032 2698 1213 2770 quae
1261 2678 1488 2770 reperi
1537 2678 1696 2748 ideo
1746 2679 2005 2748 leviora
2054 2689 2213 2748 sunt
2259 2678 2450 2771 quod

160 2796 329 2869 nibil
393 2820 598 2889 quam
669 2796 1089 2892 symbolicas
1144 2798 1516 2868 Graearum
1572 2794 1886 2867 fictiones
1942 2797 2306 2892 praebent,
2381 2807 2456 2867 et

163 2938 286 2989 eas
320 2918 603 3009 quidem
643 2917 1004 3007 ingeniose
1038 2913 1532 3007 eleganterque
1572 2915 1875 2986 ludendo
1913 2917 2251 2988 exaratas.
2350 2917 2451 2987 Ac

164 3038 455 3130 primum
504 3036 783 3129 quidem
830 3034 918 3106 de
963 3036 1150 3106 ansis
1199 3035 1584 3126 argillaceis
1627 3036 2026 3128 aeneisque,
2085 3035 2288 3106 valde
2329 3035 2449 3105 ad-

161 3154 298 3226 huc
352 3178 591 3249 parum
646 3155 1072 3235 observatis,
1136 3155 1350 3225 verba
1408 3154 1719 3227 facienda
1777 3141 2012 3236 erunt,
2076 3154 2326 3247 quibus
2383 3155 2446 3223 in

163 3276 402 3370 primis
445 3276 706 3368 antiqui
741 3273 1018 3346 fictores
1056 3273 1142 3344 ad
1200 3296 1312 3345 res
1368 3276 1683 3346 sollerter
1736 3275 2120 3369 symbolice
2177 3275 2449 3365 signan-

160 3395 288 3466 das
344 3396 451 3466 usi
506 3406 687 3466 sunt.
2029 3477 2030 3480 Ἴ
2455 3375 2460 3394 ⁵

372 3515 445 3583 In
500 3513 754 3605 quibus
808 3533 1012 3605 quam
1069 3513 1367 3584 maxime
1422 3516 1743 3585 usitatum
1807 3523 1914 3585 est
1967 3512 2134 3605 fingi
2189 3514 2449 3605 Gorgo-

166 3656 410 3718 neum3
485 3643 555 3704 et
623 3634 681 3704 si
746 3632 902 3723 quis
973 3652 1175 3724 quam
1238 3633 1634 3724 frequenter
1690 3633 1857 3702 illud
1911 3632 2321 3721 adhibeatur
2380 3635 2458 3714 in¹

167 3752 494 3823 omnibus
541 3772 719 3844 quae
764 3751 849 3821 ad
900 3773 1099 3821 usum
1141 3751 1322 3823 vitae
1371 3753 1813 3843 quotidianae
1872 3753 2210 3846 pertinent
2263 3762 2331 3822 et
2379 3753 2448 3820 in

168 3869 618 3965 supellectile,
676 3872 915 3951 scutis,
971 3870 1208 3960 galeis,
1263 3871 1516 3953 loricis,
1557 3873 1805 3953 ocreis,
1848 3870 2253 3961 insignibuS,
2297 3894 2451 3941 cur-

170 3989 356 4060 ribus
412 4001 480 4058 et
534 4012 875 4082 equorum
932 4000 1216 4069 ornatu,
1287 3992 1621 4073 navibus,
1679 3990 1931 4071 hastis,
1989 3987 2447 4071 candelabriS,

169 4109 618 4190 ornamentis,
676 4109 991 4190 annulis,
1040 4108 1388 4190 vestibus,
1438 4112 1659 4193 sellis,
1707 4111 2030 4191 aedibus,
2082 4110 2445 4204 sarcopha-

168 4229 273 4319 gis
312 4226 375 4318 5)
434 4229 838 4319 cognoverit
892 4251 971 4299 ac
1026 4227 1493 4300 consideravit
1546 4231 1607 4302 ei
1666 4251 1804 4299 non
1859 4241 2013 4321 eget
2069 4242 2446 4300 memoratu

171 4369 330 4420 esse
387 4346 551 4438 illud
616 4348 887 4439 signum
946 4370 1069 4443 pro
1122 4348 1421 4420 amuleto
1474 4348 1565 4421 ad
1622 4350 1838 4421 malos
1901 4351 2258 4421 oculorum
2327 4350 2450 4420 ob-

1955 4484 1990 4536 τι
