2970 5100
1323 505 1416 575 67

220 708 396 781 (Idee
446 708 549 765 des
581 709 774 765 Todes
820 729 874 781 p.
907 710 1034 783 68):
1086 711 1220 776 „die
1263 727 1481 782 grauen
1531 712 2105 767 Beschliesserinnen
2154 713 2258 768 des
2304 713 2516 768 Natur-

220 812 500 880 lebens“;
579 814 679 882 qui
726 813 1063 883 Gorgonum
1123 813 1637 870 custodiendarum
1700 829 1915 869 munus
1972 816 2323 871 sumendum
2385 830 2514 871 esse

220 920 427 970 censet
491 931 597 985 pro
660 916 1045 986 „Erstarrung
1106 916 1211 971 der
1257 916 1636 985 Lebenskral't
1692 918 1749 975 in
1813 918 1917 971 der
1961 918 2199 973 Natur.“
2288 917 2366 988 (n.
2422 911 2510 993 l):

219 1016 362 1082 „Als
405 1017 605 1072 solche
666 1017 857 1072 haben
916 1019 1026 1073 alle
1092 1018 1214 1073 drei
1275 1020 1426 1075 auch
1489 1035 1601 1076 nur
1663 1021 1836 1077 einen
1885 1020 2041 1075 Zahn
2088 1019 2209 1075 und
2257 1036 2369 1077 nur
2417 1022 2511 1074 ein

223 1119 419 1189 Auge,
497 1120 598 1174 mit
652 1119 783 1174 dem
844 1121 928 1176 sie
991 1122 1138 1175 nach
1201 1122 1314 1176 den
1381 1121 1504 1176 drei
1551 1122 1942 1187 Jahreszeiten
1994 1123 2312 1181 wechseln.
2408 1121 2514 1196 ⁴2)

218 1222 457 1277 Lauer
523 1218 776 1292 (System
824 1222 930 1277 der
976 1224 1072 1279 Gr.
1118 1223 1291 1294 myth.
1340 1242 1395 1295 p.
1449 1218 1592 1299 325)
1658 1223 1901 1281 nubium
1969 1226 2025 1283 in
2090 1226 2158 1281 iis
2223 1241 2516 1296 prosopo-

216 1325 453 1396 poeiam
502 1324 780 1394 intelligit.
893 1319 999 1398 43)
1044 1326 1108 1380 Κ.
1155 1326 1251 1380 Fr.
1301 1327 1664 1391 Hermann
1713 1319 1838 1400 (Die
1888 1327 2284 1398 Hadeskappe.
2361 1328 2512 1383 Gott.

218 1426 974 1497 Winkelmannsfestprogr.
1018 1430 1195 1483 4853.
1230 1445 1285 1499 p.
1314 1428 1441 1497 22):
1493 1429 2137 1499 „Dammerungsnebel
2172 1431 2288 1485 und
2325 1431 2515 1485 Zwie-

219 1529 398 1584 licht“
493 1528 586 1597 44)
639 1529 963 1584 Eiszner
1013 1523 1138 1604 (Die
1183 1529 1412 1586 Hesiod.
1462 1531 1798 1607 Theogonie
1845 1532 1929 1587 als
1975 1533 2277 1589 Vorweihe
2322 1549 2380 1603 p.
2416 1530 2514 1605 30)

221 1632 374 1686 coeli
423 1632 687 1686 matutini
735 1638 792 1686 el
836 1633 1154 1703 vespertini
1202 1631 1478 1693 ruborem
1526 1639 1636 1688 eto.
1684 1640 1792 1689 etc.

1239 1880 1306 1974 §-
1419 1881 1485 1952 5.

316 2040 366 2121 l)
424 2046 773 2111 Enumerata
836 2041 969 2095 vide
1031 2041 1173 2097 haec
1233 2047 1611 2099 monumenta
1675 2056 1734 2096 in
1791 2042 1860 2097 iis
1914 2058 2067 2111 quae
2112 2042 2316 2111 scripsi
2363 2059 2408 2096 S.
2458 2059 2510 2098 v.

209 2150 492 2217 ‚,Gorgo“
540 2148 598 2201 in
648 2143 1102 2215 encyclopaedia
1150 2142 1406 2213 generali
1455 2145 1829 2199 scientiarum
1879 2149 1936 2203 et
1978 2144 2213 2209 artium,
2262 2150 2400 2203 sect.
2457 2148 2507 2199 4.

206 2252 441 2319 Lxxiv.
495 2250 545 2321 g.
596 2251 863 2306 23—39.
922 2264 974 2317 p.
1029 2247 1380 2301 407-424.

305 2347 362 2428 2)
415 2354 568 2419 Haec
601 2351 866 2419 imaginis
898 2349 1152 2403 caelatae
1186 2349 1586 2420 interpretatio
1620 2363 1770 2418 quae
1805 2352 1893 2402 est
1923 2363 2012 2417 ap.
2051 2347 2259 2404 Gerh.
2338 2349 2508 2407 Arch.

212 2460 335 2525 Ztg.
391 2457 570 2510 4864.
618 2451 733 2507 tab.
769 2452 917 2507 CLll.
966 2469 1020 2521 p.
1066 2452 1179 2515 474
1216 2466 1321 2521 sq„
1371 2465 1548 2520 quam
1597 2466 1792 2505 veram
1843 2465 1972 2505 esse
2020 2449 2271 2514 confid0‚
2322 2465 2512 2521 nuper

206 2562 550 2631 impugnata
600 2560 688 2611 est
732 2572 764 2612 a
810 2556 874 2610 G.
925 2556 1290 2623 Kruegero
1339 2546 1534 2629 (Areh.
1581 2552 1720 2618 Anz.
1779 2554 1958 2607 4862.
2005 2570 2061 2623 p.
2103 2546 2260 2627 447).

308 2654 364 2736 3)
411 2663 495 2715 De
543 2659 717 2714 huius
775 2659 853 2712 rei
914 2655 1264 2725 imaginibus
1325 2656 1589 2726 proxime
1649 2657 1763 2725 egit
1820 2654 2062 2711 Giulio
2121 2656 2506 2716 Minervini

209 2768 271 2820 in
324 2763 598 2819 Memorie
648 2758 1023 2814 academiche
1070 2757 1272 2827 Napoli
1327 2760 1505 2813 4862.
1559 2752 1637 2823 4⁰,
1720 2775 1769 2812 v.
1835 2759 2003 2812 etiam
2072 2758 2410 2822 relationem
2474 2775 2504 2811 a

212 2865 507 2924 Feddeo
557 2864 762 2924 factam
810 2861 868 2913 in
915 2859 1122 2916 Gerh.
1171 2857 1340 2914 Arch.
1390 2858 1531 2915 Anz.
1586 2862 1763 2916 4862.
1810 2877 1867 2931 p.
1907 2861 2025 2914 357
2060 2876 2146 2930 sq.

306 2962 361 3042 4)
405 2968 606 3036 Nuper
656 2969 952 3034 praeterea
1002 2978 1102 3032 vas
1148 2977 1281 3034 oum
1330 2961 1536 3020 eadem
1585 2964 1834 3032 imagine
1896 2964 2121 3020 enotuit
2178 2964 2237 3018 in
2301 2963 2507 3033 Hispa·

207 3073 328 3137 nia,
377 3088 428 3124 v.
477 3069 608 3122 Em.
657 3064 998 3121 Huebner
1044 3064 1137 3119 die
1183 3065 1420 3122 antiken
1468 3066 1824 3120 Denkmaler
1867 3064 2173 3136 Spaniens.

304 3165 360 3247 5)
411 3168 579 3239 Quod
630 3168 765 3223 mihi
813 3169 1178 3238 potissimum
1238 3167 1569 3238 significare
1627 3167 1856 3223 videtur
1914 3184 2015 3222 vas
2075 3167 2232 3238 quod
2282 3171 2370 3221 est
2413 3182 2505 3236 ap.

205 3278 639 3345 Campanam
711 3271 1004 3339 Catalogbi
1068 3270 1157 3325 XI.
1230 3283 1286 3326 n.
1338 3272 1413 3325 83
1489 3263 1579 3344 (cf.
1630 3271 1833 3326 Gerh.
1898 3268 2068 3325 Arch.
2116 3270 2256 3325 Anz.
2325 3270 2503 3322 4859.

207 3397 267 3450 p.
328 3377 462 3431 444.
510 3389 568 3428 n.
628 3365 780 3447 155).

303 3471 361 3553 6)
407 3477 466 3531 V.
516 3475 685 3529 etiam
735 3472 808 3527 de
853 3473 962 3527 hac
1010 3489 1072 3527 re
1118 3489 1270 3544 quae
1317 3472 1426 3528 sub
1478 3466 1534 3549 3)
1583 3475 1768 3540 citavi.

300 3573 361 3655 7)
409 3580 521 3633 Zur
569 3575 918 3634 Geschichte
968 3575 1073 3630 der
1121 3577 1306 3634 Kunst
1367 3575 1489 3631 und
1551 3576 1811 3647 Religion
1877 3574 1968 3631 bei
2033 3575 2147 3636 den
2211 3575 2504 3631 Griechen

198 3703 261 3757 p.
320 3684 417 3738 36.

301 3781 359 3856 8)
405 3781 957 3850 Ueberverlegene
1002 3781 1235 3850 Mythen
1285 3773 1429 3855 (acta
1472 3795 1594 3835 soc.
1631 3782 1764 3848 Reg.
1799 3783 1924 3836 Ber.
1968 3782 2173 3836 scient.
2222 3781 2291 3834 cl.
2328 3780 2503 3849 phil.-

200 3889 344 3946 hist.
408 3877 588 3954 4840)
635 3900 690 3954 p.
733 3885 892 3937 3-5
943 3887 999 3937 et
1041 3882 1290 3938 Perseus
1336 3881 1454 3937 und
1505 3880 1597 3938 die
1645 3883 1793 3944 Gr'a'a
1837 3882 1993 3951 (ibid.
2051 3881 2247 3952 4846).

303 3988 360 4057 9)
406 3990 469 4050 ln
517 3987 719 4059 primis
765 3986 1222 4044 Schoemann
1269 3987 1351 4041 De
1398 3985 1705 4056 Phorcyne
1752 4002 1806 4055 p.
1846 3988 1940 4038 30.

307 4085 405 4164 40)
449 4088 783 4156 Philologus
827 4088 915 4144 IX.
961 4105 1018 4159 p.
1060 4090 1178 4143 749
1229 4104 1314 4158 sq.

306 4186 403 4269 44)
453 4192 522 4247 cf.
573 4192 929 4250 Welcker.
979 4190 1213 4249 Griech.
1261 4189 1629 4247 Gotterlehre
1678 4192 1766 4246 lll.
1819 4192 1867 4244 4.
1917 4207 1971 4261 p.
2029 4191 2130 4242 474
2188 4205 2273 4260 sq.
