2970 5100
1267 454 1362 527 w

169 681 262 731 ex
313 661 534 731 forma
588 669 801 733 etex
858 657 1144 729 internis
1198 657 1426 728 causis
1481 658 1696 729 multo
1747 680 1908 730 esse
1960 657 2111 729 ‚veri
2161 655 2453 727 similius

169 780 525 873 primarias
590 777 861 851 fabulae
931 797 1263 870 personas
1317 779 1674 868 Gorgonas
1735 779 1985 857 fuisse,
2068 777 2307 846 Graeis
2364 777 2450 846 ita

169 910 430 968 tantum
478 897 816 967 adiunctis
873 907 943 966 ut
1001 918 1037 965 a
1096 895 1349 967 Perseo
1390 898 1614 968 victae
1678 920 1799 991 per
1843 896 2236 989 quempiam
2283 919 2455 966 nun-

168 1019 532 1099 tiarentur3
590 1016 777 1085 nullo
819 1025 1050 1085 autem
1102 1015 1309 1086 modo
1349 1037 1438 1085 ex
1487 1038 1572 1086 eo
1627 1016 1812 1107 quod
1863 1017 1932 1086 in
1980 1016 2088 1085 illa
2128 1012 2454 1107 Aeschyli

168 1137 400 1211 fabula
455 1145 925 1209 memorentur
977 1146 1452 1226 argumentum
1520 1147 1760 1207 contra
1827 1136 2024 1207 istam
2077 1156 2452 1228 cycnorum

170 1258 463 1329 formam
516 1254 827 1347 reperiri.

375 1375 672 1445 Tertium
731 1395 869 1463 quo
927 1372 1107 1443 illam
1165 1374 1452 1443 formam
1508 1373 1772 1444 admitti
1844 1395 1980 1444 non
2037 1395 2246 1466 posse
2300 1393 2455 1465 pro·

171 1496 290 1565 bet
344 1494 413 1569 id
466 1494 663 1564 affert
710 1492 1141 1563 Wieseler
1195 1492 1379 1582 quod
1431 1513 1470 1560 a
1517 1493 1701 1564 nullo
1746 1493 1880 1563 alio
1929 1493 2263 1585 scriptore
2305 1492 2455 1562 eius

175 1615 429 1685 mentio
482 1611 616 1682 fiat.
721 1612 930 1703 Atqui
984 1622 1053 1681 et
1108 1611 1309 1685 lectio
1374 1633 1556 1709 quae
1625 1625 1731 1683 est
1794 1613 1978 1706 apud
2034 1609 2454 1704 Aeschylum

170 1733 285 1803 vel
335 1753 673 1805 summam
725 1730 931 1803 fidem
988 1729 1231 1811 habet,
1309 1752 1518 1821 quam
1572 1732 1827 1825 quippe
1883 1730 2250 1803 scholiasta
2305 1729 2456 1822 qui-

170 1853 329 1922 dam
387 1853 535 1923 sine
580 1852 795 1922 dubio
851 1851 1319 1921 intentabilem
1362 1851 1429 1920 in
1474 1851 1854 1944 exemplari
1910 1873 2037 1922 suo
2087 1850 2453 1929 inveniret,

176 1973 265 2045 ita
324 1982 432 2051 ut,
495 1971 812 2061 quamvis
866 1969 1029 2061 quid
1095 1992 1177 2040 ea
1244 1971 1375 2041 sibi
1431 1971 1640 2042 vellet
1695 1993 1831 2041 non
1900 1972 2066 2041 satis
2123 1969 2456 2058 intellige·

173 2102 311 2171 ret,
394 2100 621 2160 tamen
678 2090 1004 2163 retineret
1057 2112 1209 2159 eam
1265 2091 1415 2161 sine
1471 2091 1606 2160 ulla
1672 2091 2151 2161 retractatione
2176 2085 2308 2182 32);
2390 2101 2458 2159 et

171 2212 453 2281 Tzetzes
523 2210 589 2278 in
660 2208 1026 2300 theogonia
1063 2205 1163 2301 33)
1235 2232 1371 2282 non
1441 2211 1666 2280 solum
1733 2231 2109 2303 cycnorum
2167 2211 2456 2280 sormam

174 2331 413 2407 Graeis
467 2329 768 2409 ascribit,
820 2352 1061 2401 verum
1118 2333 1322 2403 etiam
1381 2330 1724 2423 propriam
1781 2329 1870 2399 de
1916 2350 1997 2399 ea
2043 2350 2288 2400 vocem
2340 2328 2456 2396 ha-

173 2449 292 2519 bet
326 2455 712 2531 κυκνοεῑδος,
766 2472 923 2520 cum
979 2462 1211 2522 tamenw
1263 2472 1304 2519 e
1358 2450 1552 2518 fonte
1589 2470 1870 2540 prorsus
1907 2447 2251 2519 aliohaec
2292 2447 2457 2518 hau-.

176 2571 305 2640 riat
343 2591 549 2660 quam
591 2567 959 2663 Aeschylo,
1016 2573 1174 2662 quia
1216 2571 1389 2641 duas
1431 2571 1689 2640 Graeas
1727 2569 2058 2659 agnoscit,
2112 2590 2248 2638 non
2296 2581 2458 2648 tres,

176 2709 439 2778 easque
483 2710 637 2757 cum
682 2688 1121 2779 Gorgonibus
1171 2688 1712 2760 communicatos
1768 2686 2025 2759 habere
2080 2689 2262 2758 facit·⁴
2297 2710 2458 2759 ocu·

178 2809 319 2877 lum
373 2817 441 2876 et
493 2806 806 2887 dentem,
861 2829 1041 2898 quae
1096 2806 1311 2901 mythi
1365 2807 1655 2878 variatio
1712 2808 1911 2899 plane
1965 2808 2056 2876 ab
2110 2806 2460 2901 Aeschylo

175 2928 398 2998 aliena
455 2936 580 2998 est.
701 2926 918 3008 Quam
973 2939 1202 2999 autem
1257 2924 1677 3019 Aeschylum
1736 2926 2166 3019 potissimum
2222 2949 2460 3020 par-um

177 3046 394 3120 secuti
450 3046 585 3115 sint
639 3066 849 3139 saepe
927 3048 1301 3140 scriptores
1379 3046 1581 3118 valde
1650 3046 1896 3124 etiam,
1981 3047 2038 3115 si
2095 3047 2458 3118 illustriora

96 3167 99 3168 ⁷
178 3166 498 3258 exempla
555 3165 1032 3246 omiserimus,
1107 3188 1189 3236 ea
1250 3167 1395 3259 ipsa
1452 3175 1786 3235 testantur
1855 3186 2033 3255 quae
2103 3165 2461 3237 traduntur

177 3285 270 3356 de
318 3284 579 3364 Graeis‚
632 3308 789 3358 cum
839 3286 1051 3362 multo
1109 3286 1467 3378 pauciores
1524 3285 1657 3354 loci
1710 3295 1980 3376 praeter
2030 3307 2242 3355 unum
2298 3308 2460 3356 ocu-

175 3407 317 3475 lum
375 3426 580 3474 unum
636 3425 913 3496 quoq-ue
966 3405 1249 3482 dentem
1307 3413 1689 3476 memorent
1743 3423 1946 3493 quam
2007 3404 2124 3494 qui
2186 3404 2275 3475 de
2325 3404 2459 3476 hoc

177 3533 425 3600 tacent.
916 3591 919 3598 ,
1207 3593 1211 3598 ,
1661 3537 1666 3540 “

400 3642 511 3711 Sic
555 3662 711 3710 cum
756 3664 1130 3733 cycnorum
1173 3645 1461 3713 formam
1501 3664 1680 3732 quae
1719 3652 1828 3712 est
1866 3643 2240 3712 Graearum
2278 3642 2462 3735 apud

178 3759 603 3862 Aeschylum
651 3771 1041 3831 sustentare
1099 3777 1305 3855 posse
1362 3759 1524 3829 mihi
1581 3760 1858 3841 videar,
1920 3761 2331 3831 brevissime
2388 3761 2462 3829 li-

179 3893 332 3953 ceat
364 3877 582 3960 verba
618 3879 848 3949 facere
886 3879 975 3950 de
1009 3880 1467 3951 Wieseleri
1505 3880 1919 3962 coniectura,
1978 3900 2182 3971 quam
2221 3880 2461 3950 remis-

180 4002 281 4071 sis
332 3998 485 4070 aliis
513 3993 612 4091 34)
667 4019 788 4090 pro
841 4009 1028 4070 certa
1089 4000 1291 4072 statui
1352 4022 1562 4092 posse
1619 4010 1843 4092 putat,
1926 4000 2186 4070 scilicet
2236 3998 2466 4072 κυινὸ·

178 4148 422 4214 φορκοι
461 4114 595 4212 ³5),
673 4119 738 4187 in
797 4117 1124 4210 Hesychii
1175 4118 1406 4207 glossa
1465 4119 1676 4189 nixus
1745 4139 1923 4209 quae
1988 4129 2093 4188 est
2147 4119 2464 4214 „qoopxo'r

179 4236 430 4308 λευκόν.
482 4236 741 4309 πολιόν.
791 4236 1061 4332 ῥυσόν“,
1130 4258 1426 4327 eamque
1503 4258 1749 4309 vocem
1820 4239 1908 4308 ita
1972 4238 2327 4330 explicans
2381 4247 2467 4312 ,ut

182 4356 271 4425 sit
315 4376 578 4435 „canae
621 4368 694 4425 ut
740 4357 1012 4450 cycni“.
1122 4356 1485 4432 Desiderat
1530 4358 1713 4434 enim
1753 4358 1823 4428 in
1864 4357 2103 4428 Graeis
2137 4354 2462 4449 Aeschyli
