2970 5100
1569 453 1663 523 212

488 656 784 722 festinans,
837 663 895 712 ut
940 661 996 713 in
1047 660 1309 714 dextrum
1358 674 1513 727 genu
1556 660 1881 714 concidisse
1913 660 2191 724 videatur,
2241 661 2392 714 inter
2439 660 2586 716 duas
2632 675 2779 715 cum

490 759 757 814 humanis
815 761 1103 834 ⁴capitibus
1164 777 1318 815 aveS.
1429 762 1535 814 Vas
1593 762 1998 817 Volcentinum
2057 780 2147 832 ap.
2204 763 2571 818 Micalium
2635 763 2668 817 l.
2725 778 2778 818 c.

486 860 599 915 tab.
646 863 824 917 XLIII.
874 880 929 917 n.
967 868 997 919 2
1051 868 1106 916 et
1150 862 1529 917 Panofkam
1579 863 1824 918 Perseus
1874 865 1990 919 und
2044 865 2136 918 die
2184 866 2333 921 Gr‘aa
2379 863 2491 918 tab.
2541 867 2577 919 1.
2632 881 2688 918 n.
2739 868 2773 919 2

487 967 543 1016 et
591 968 679 1020 23.
773 962 856 1038 [In
905 965 1017 1020 hoc
1063 963 1257 1018 IibeIIo
1307 965 1527 1033 effigies
1574 981 1626 1018 n.
1665 962 1738 1038 3].
1904 1040 1908 1047 .

575 1063 630 1137 6)
678 1068 910 1121 Iuvenis
956 1083 1086 1122 cum
1134 1066 1508 1121 humerorum
1561 1073 1614 1120 et
1658 1068 1873 1137 pedum
1923 1067 2040 1134 alis,
2093 1069 2472 1122 vehementer
2516 1086 2578 1123 se
2622 1085 2779 1138 pro-

489 1183 761 1234 movens,
832 1171 982 1223 inter
1039 1169 1183 1223 duas
1239 1184 1392 1223 aves,
1515 1170 1621 1223 Vas
1677 1170 1736 1222 in
1797 1171 1938 1224 Mus.
1998 1172 2160 1234 Brit,
2232 1187 2320 1241 ap.
2381 1171 2775 1224 Micalium

485 1271 519 1324 I.
568 1286 617 1325 0.
677 1270 788 1325 tab.
835 1271 1072 1327 XXXIX.
1134 1287 1187 1323 n.
1243 1275 1307 1334 3,
1379 1271 1447 1325 cf.
1514 1272 1741 1326 Birch.
1789 1277 1846 1325 et
1890 1273 2212 1326 Newtou.
2260 1272 2308 1327 Α
2356 1273 2662 1341 Catalogue
2714 1273 2784 1327 of

489 1372 582 1426 the
629 1373 821 1428 Greek
869 1374 980 1426 and
1030 1374 1313 1428 Etruscan
1361 1389 1531 1428 vases
1575 1374 1632 1427 in
1686 1374 1777 1427 the
1826 1375 2029 1428 Britisli
2076 1377 2339 1429 Museum
2387 1377 2425 1429 1.
2472 1392 2525 1451 p.
2564 1377 2658 1429 40.
2713 1390 2774 1428 n.

492 1476 630 1531 442.
679 1471 921 1548 [effigies
968 1490 1023 1529 n.
1061 1470 1137 1548 “³].
1176 1468 1275 1550 25).
1697 1453 1705 1457 ’

691 1621 876 1689 Haec
933 1619 1137 1709 igitur
1191 1643 1255 1686 u.
1312 1620 1345 1686 1
1407 1619 1496 1688 ab
1552 1620 1662 1690 illa
1717 1640 1924 1710 quam
1978 1630 2193 1708 antea*
2238 1621 2369 1692 sub
2427 1645 2490 1689 n.
2542 1619 2581 1690 5
2641 1643 2773 1690 ex-

487 1738 890 1831 plicavimus
943 1759 1213 1828 gemma
1270 1760 1354 1808 eo
1411 1750 1667 1809 tantum
1725 1739 2005 1809 differre
2075 1740 2349 1810 videtur
2415 1739 2603 1830 quod
2658 1738 2776 1809 bic

484 1879 523 1924 a
579 1867 772 1947 tergo
816 1857 1110 1928 Perseus
1157 1851 1452 1950 cycnum
1502 1880 1623 1928 seu
1676 1860 1963 1928 Graeam
2014 1861 2207 1951 petit,
2264 1858 2388 1928 sed
2432 1859 2502 1928 id
2542 1861 2774 1951 ipsum

483 1975 689 2046 etiam
744 1976 928 2069 apud
966 1969 1354 2069 'scriptores
1410 1977 1701 2066 legimus
1764 1999 1801 2046 a
1860 1988 2054 2067 tergo
2110 1979 2171 2047 ei
2242 1978 2548 2047 insidiari
2609 1979 2775 2047 Per-

485 2117 679 2165 seum
737 2094 1109 2165 studuisse.

686 2213 792 2284 Ad
850 2214 1487 2306 interpretationem
1546 2212 1719 2284 haec
1770 2226 2210 2284 monumenta
2263 2214 2332 2282 in
2386 2215 2774 2284 Graeomm

485 2331 794 2426 mythum
840 2334 1254 2402 referentem
1297 2334 1577 2425 propius
1633 2333 2108 2404 illustrandam
2163 2335 2414 2404 faciant
2477 2332 2645 2403 haec
2702 2333 2774 2402 in

489 2453 886 2522 universum
941 2452 1280 2544 exposita.

688 2574 758 2641 In
834 2593 1002 2641 vase
1076 2583 1145 2642 et·
1214 2572 1401 2664 Cayli
1474 2583 1542 2642 et
1617 2571 1838 2642 Musei
1912 2571 2281 2641 Britannici
2350 2592 2771 2661 quamquam

486 2692 686 2762 valde
741 2691 989 2781 aliquis
1045 2712 1424 2763 anseresne
1479 2713 1565 2761 an
1628 2692 1829 2785 cycni
1884 2687 2018 2760 ficti
2074 2690 2211 2759 sint
2269 2690 2588 2759 dubitare
2652 2713 2774 2783 po-

485 2812 712 2892 tuerit,
771 2823 997 2880 tamen
1053 2808 1163 2879 hic
1219 2811 1432 2881 semel
1495 2810 1848 2880 monuisse
1904 2806 2197 2879 sufficiat
2251 2810 2316 2877 in
2365 2810 2771 2881 vetustioris

486 2931 618 2999 stili
678 2931 865 3000 vasis
921 2930 1226 3019 singulas
1285 2929 1565 3020 quidem
1623 2929 1943 3007 maiores,
2003 2928 2304 2997 maxime
2360 2927 2448 2997 de
2503 2930 2775 3021 rapaci-

484 3050 637 3130 bus,
697 3049 977 3128 bestias,
1036 3071 1100 3116 V.
1159 3070 1218 3118 c.
1278 3049 1541 3124 leones,
1598 3068 1867 3139 capros,
1927 3048 2159 3136 tigres,
2216 3067 2525 3139 capreaS,
2585 3047 2773 3118 bene

485 3190 566 3239 30
626 3170 945 3240 distincte
997 3167 1331 3237 indicatas
1390 3189 1572 3244 esse,
1631 3167 1698 3233 in
1744 3165 1992 3235 avibus
2048 3188 2216 3234 vero
2270 3164 2614 3255 fingendis
2663 3188 2772 3235 ra-

485 3289 742 3358 tionem
797 3299 933 3357 tam
987 3287 1376 3377 ambiguam
1434 3285 1751 3355 exerceri
1802 3296 1871 3353 ut
1919 3306 2157 3376 paene,
2216 3306 2420 3375 quem
2477 3284 2561 3353 ad
2622 3307 2772 3353 mo-

484 3407 647 3477 dum
706 3408 774 3476 in
845 3406 1089 3500 plantis
1158 3416 1226 3475 et
1289 3405 1612 3483 floribus,
1692 3403 1780 3474 de
1849 3403 2080 3472 avium
2145 3404 2518 3493 generibus
2587 3424 2773 3493 quae

486 3527 814 3621 perierint
856 3525 1158 3614 cogitare
1206 3524 1409 3593 alicui
1456 3524 1699 3605 libeat3
1756 3522 1824 3590 ni
1878 3522 2101 3614 potius
2155 3544 2405 3591 causae
2461 3522 2595 3592 sint
2644 3545 2774 3592 cur

484 3647 592 3715 illa
648 3645 1059 3735 ambiguitas
1111 3644 1279 3712 artis
1331 3642 1534 3713 statui
1585 3661 1819 3733 parurn
1869 3640 2000 3707 iam
2055 3663 2420 3732 progresso
2465 3650 2532 3709 et
2578 3638 2774 3711 ficto-

484 3788 631 3836 rum
691 3765 961 3858 inopiae
1017 3765 1298 3852 fugaces
1351 3783 1520 3830 aves
1578 3772 1763 3829 recte
1816 3770 1963 3828 arte
2018 3780 2140 3828 sua
2199 3759 2583 3851 occupandi
2653 3761 2776 3829 tri-

486 3886 753 3953 buatur.
875 3881 1068 3964 Quae
1121 3881 1459 3950 formandi
1518 3878 1926 3969 ambiguitas
1983 3901 2319 3969 nusquam
2377 3879 2775 3949 evidentior

482 4015 584 4073 est
638 4025 842 4093 quarn
898 4002 963 4070 in
1012 4001 1178 4092 ipsis
1218 4000 1456 4093 cycnis
1501 4009 1568 4067 et.
1608 3998 1995 4078 anseribus,
2053 4021 2210 4068 cum
2254 4000 2455 4068 etiam
2500 3999 2773 4070 seriore

484 4136 817 4215 tempore,
876 4146 941 4189 v.
1000 4143 1058 4190 0.
1121 4120 1186 4187 in
1243 4119 1468 4189 Ledae
1524 4117 1961 4208 imaginibus,
2029 4118 2462 4210 apertissime
2520 4117 2771 4188 eadem

483 4237 1186 4334 deprehendatur26).
1296 4238 1497 4320 Quod
1552 4260 1706 4308 cum
1764 4238 1851 4306 ita
1909 4238 2030 4316 sit,
2102 4237 2161 4307 si
2214 4259 2464 4324 graves
2510 4259 2772 4307 causae

482 4382 689 4453 quam
735 4359 1366 4451 interpretationem
1418 4357 1848 4451 probabilem
1890 4356 2161 4436 faciant,
2221 4357 2770 4427 bestiae‘euius-
