2970 5100
1588 444 1684 516 40

493 649 641 728 erit,
699 648 930 717 avium
973 670 1128 717 cum
1178 646 1480 718 humano
1529 671 1651 718 ore
1698 646 1949 737 figuras
1993 661 2350 741 sequatur3
2413 651 2803 744 praecipue

491 778 717 847 autem
789 768 874 837 ad
941 768 1232 837 Graeam
1290 767 1638 860 pertinere
1698 779 2049 859 praeterea
2107 769 2290 859 longi
2345 781 2414 840 et
2468 771 2535 840 in
2609 795 2681 840 n.
2745 771 2799 840 2

493 898 561 958 et
599 887 642 958 3
689 887 1020 977 singulari
1070 887 1343 956 formati
1390 884 1741 977 diligentia
1797 888 2018 980 capilli
2073 887 2414 968 videntur,
2472 889 2589 980 qni
2631 890 2800 980 qui-

492 1007 649 1077 dem
698 1007 765 1074 in
820 1004 927 1076 his
985 1005 1152 1098 ipsis
1212 1005 1401 1075 miris
1459 1006 1856 1076 numinibus
1914 1019 2140 1099 partes
2195 1017 2400 1097 agant
2443 1006 2626 1079 haud
2694 1010 2799 1079 le-

492 1147 638 1195 ves.
752 1124 1020 1194 Etenim
1071 1136 1395 1194 senectus
1451 1122 1713 1215 figurae
1776 1127 1836 1196 si
1889 1127 2178 1196 naturali
2238 1127 2477 1218 capitis
2533 1139 2795 1198 ornatu

493 1243 922 1315 ostendenda
992 1245 1167 1313 soret
1240 1243 1629 1336 proximum
1698 1255 1846 1314 erat
1917 1256 1989 1314 ut
2056 1246 2165 1313 illa
2232 1246 2424 1315 calva
2493 1257 2647 1327 aut,
2729 1247 2799 1316 si

492 1364 648 1454 quis
693 1364 995 1432 colorem
1046 1372 1284 1455 posset
1323 1360 1682 1443 adhibere,
1734 1364 1907 1433 albis
1949 1365 2231 1435 canisve
2273 1365 2581 1434 crinibus
2628 1388 2801 1458 pro-

494 1493 886 1575 poneretur.
999 1481 1202 1572 Atqui
1258 1491 1625 1572 utrumque
1684 1483 1748 1552 in
1807 1484 2046 1554 Graeis
2098 1485 2408 1576 usurpari
2467 1507 2604 1553 non
2669 1507 2800 1577 po-

493 1611 687 1680 terat,
746 1623 904 1670 cum
964 1600 1046 1671 iis
1104 1623 1236 1671 non
1294 1602 1567 1671 calvum
1613 1613 1839 1694 caput,
1896 1603 2019 1673 sed
2081 1603 2307 1695 potius
2361 1603 2498 1670 albi
2555 1604 2798 1696 capilli

495 1720 995 1799 tribuerentur,
1070 1742 1247 1810 quos
1314 1720 1690 1791 colorando
1764 1722 2016 1811 signari
2095 1744 2214 1815 per
2271 1722 2474 1792 unius
2528 1722 2800 1792 coloris

496 1838 793 1931 lapidem
863 1860 999 1908 non
1068 1839 1337 1908 licebat.
1448 1840 1684 1930 ltaque
1751 1862 1837 1909 eo
1899 1838 2095 1911 fictor
2161 1863 2306 1909 rem
2362 1841 2799 1933 expediebat

495 1956 678 2048 quod
729 1957 974 2046 longos
1022 1957 1128 2037 iis,
1188 1958 1310 2027 sed
1371 1959 1646 2051 proprie
1702 1958 2077 2051 dispositos
2131 1970 2339 2050 atque
2393 1981 2602 2052 super
2649 1969 2798 2030 ter-

493 2098 655 2167 gum
724 2076 1033 2166 digestos
1106 2077 1299 2147 daret
1361 2078 1681 2170 capillos,
1765 2099 1942 2168 quae
2000 2077 2375 2149 senectutis
2443 2079 2799 2149 notandae

494 2196 668 2264 ratio
725 2195 854 2266 etsi
910 2216 1061 2264 rara
1119 2195 1229 2264 illa
1286 2195 1566 2286 quidem
1623 2207 1750 2275 est,
1809 2209 2038 2267 tamen
2096 2218 2526 2288 nequaquam
2582 2199 2799 2270 nullis

497 2315 824 2408 probatur
877 2315 1256 2407 exemplis,
1320 2315 1545 2406 qualis
1599 2336 1806 2407 qnam
1865 2317 2166 2386 maxime
2219 2326 2326 2387 est
2381 2327 2540 2385 nota
2600 2319 2798 2389 vasis

500 2436 724 2525 imago
779 2432 1180 2525 Peleumlss)
1238 2433 1606 2504 exhibens.
1719 2436 1853 2504 lam
1909 2448 2139 2505 autem
2197 2435 2453 2506 eximie
2495 2436 2798 2507 vestitus

494 2555 789 2626 Mercuri
862 2555 1179 2647 proprius
1245 2554 1572 2625 convenit
1642 2555 1938 2640 Perse03
2020 2554 2141 2646 qui
2207 2555 2413 2624 etiam
2465 2557 2635 2626 alias
2697 2556 2798 2626 illi

496 2675 585 2744 ab
631 2673 953 2743 omnibus
1010 2674 1340 2767 partibus,
1395 2674 1649 2744 vestitu
1701 2686 1765 2743 et
1814 2675 2069 2753 indole,
2129 2694 2250 2765 par
2295 2685 2434 2744 est:
2496 2685 2794 2764 uterque

495 2804 744 2885 gerunt
817 2793 1067 2885 pileum
1140 2795 1389 2863 alatum
1430 2792 1561 2882 ¹⁷),
1640 2805 1930 2885 uterque
1999 2793 2290 2886 sparsim
2360 2794 2630 2883 galeam
2663 2790 2792 2889 18),

499 2895 788 3002 uterque
843 2912 1037 2981 alatis
1093 2923 1373 2982 utuntur
1432 2913 1721 2992 calceis,
1796 2913 1960 3003 quin
2028 2934 2118 2982 ex
2190 2935 2328 2982 uno
2401 2910 2612 3004 mythi
2684 2913 2793 2983 di-

498 3031 825 3103 scrimine
879 3030 1263 3101 Mercurius
1334 3055 1488 3101 cum
1548 3054 1672 3102 eos
1725 3053 1764 3099 a
1820 3028 2143 3125 nymphis
2200 3031 2627 3123 accepisset,
2696 3033 2796 3102 al·

498 3163 720 3221 terum
797 3150 930 3220 sibi
998 3149 1398 3229 retinuisse,
1473 3173 1683 3220 unum
1758 3160 2020 3220 tantum
2091 3150 2345 3221 Perseo
2418 3150 2793 3222 tradidisse

497 3267 906 3364 dicum-19),
982 3268 1234 3338 eximia
1304 3260 1668 3341 velocitate
1742 3280 1813 3338 ut
1878 3269 2261 3339 Mercurius
2326 3270 2428 3338 sic
2491 3269 2795 3340 Perseus

498 3401 646 3460 erat
711 3390 997 3481 insignis
1026 3384 1150 3485 2⁰).
1258 3389 1771 3460 Attendendum
1845 3400 2074 3458 autem
2148 3398 2254 3457 est
2321 3389 2648 3458 Perseum
2722 3389 2796 3458 in

498 3508 606 3579 his
672 3509 1086 3600 imaginibus
1161 3530 1443 3603 prorsus
1510 3509 1658 3579 sine
1726 3508 1829 3578 eis
1895 3528 2074 3598 quae
2146 3507 2238 3575 illi
2302 3506 2505 3576 tribui
2564 3507 2799 3578 solent

499 3629 968 3700 instrumentis
1017 3629 1243 3712 cerni3
1300 3628 1484 3718 quod
1546 3627 1691 3699 iure
1745 3624 1855 3711 fit3
1913 3626 2235 3695 nimirum
2293 3626 2402 3694 via
2458 3646 2497 3694 a
2547 3627 2795 3697 Graeis

502 3759 872 3820 monstrata
916 3760 1056 3819 tum
1096 3748 1375 3818 demum
1414 3746 1504 3817 ad
1545 3744 1887 3839 nymphas
1924 3756 2383 3839 perventurus
2421 3755 2571 3815 erat
2607 3766 2796 3836 quae

500 3869 564 3939 ei
613 3868 768 3939 Orci
825 3868 1115 3959 galeam,
1175 3888 1431 3961 peram,
1489 3867 1765 3936 calceos
1820 3867 2036 3934 alatos
2092 3875 2330 3934 essent
2385 3862 2817 3936 traditurae.⁴

709 3989 960 4059 Verum
1031 4009 1229 4058 unam
1290 3987 1356 4055 in
1416 3985 1545 4055 illis
1599 3985 1891 4077 gemmis
1948 3984 2255 4076 conspici
2311 3983 2643 4063 Graeam‚
2723 3982 2798 4056 id

500 4132 629 4181 nos
687 4109 855 4177 mire
910 4106 1167 4177 habere
1223 4129 1358 4177 non
1417 4105 1651 4176 debet.
1759 4105 2069 4195 Namque
2121 4102 2389 4174 etiamsi
2444 4103 2796 4176 similibus

498 4229 656 4320 quis
726 4248 867 4297 rem
939 4225 1256 4296 illustrari
1333 4244 1414 4294 ac
1484 4224 1758 4318 probari
1827 4223 2217 4295 concedere
2290 4222 2619 4303 noluerit,
2691 4264 2792 4274 --

499 4347 687 4440 quod
757 4345 1045 4442 perinde
1117 4345 1403 4416 Medusa
1476 4367 1632 4415 cum
1704 4365 1743 4413 a
1812 4344 2065 4415 Perseo
2119 4340 2546 4414 ,interficitur
2613 4344 2790 4424 sola,
