2970 5100
1638 418 1732 489 30

559 635 664 695 est
737 634 805 693 ut
876 624 1030 693 illae
1102 621 1470 717 Phorcyios
1540 621 1720 693 filiae
1772 621 2234 693 certissimum
2294 623 2475 692 inter
2528 642 2607 692 ea
2661 643 2851 713 quae

558 754 704 814 arte
774 741 926 813 ficta
1004 754 1163 813 sunt
1236 743 1461 812 locum
1536 744 1911 813 obtineant..
2045 741 2196 823 Quo
2273 765 2428 812 cum
2506 752 2851 812 monstrat

558 863 781 933 Fausti
838 860 1215 932 Goetheani
1275 842 1466 932 locus
1522 884 1730 954 quem
1785 859 1943 931 huic
2002 861 2171 952 parti
2232 862 2635 952 praeposui,
2695 871 2849 930 tum

557 994 714 1052 ante
789 993 1061 1072 tempus
1140 1003 1276 1050 non
1351 981 1725 1052 admodum
1807 981 2085 1070 longum
2168 979 2344 1051 Chr.
2423 981 2850 1050 Petersen

557 1102 836 1171 omnino
906 1102 1213 1192 potuisse
1285 1123 1405 1171 eas
1472 1099 1634 1191 fingi
1690 1100 1968 1190 negavit
2012 1100 2110 1190 ⁷),
2183 1111 2466 1192 propter
2519 1101 2847 1192 corporis

559 1219 817 1311 figurae
871 1217 1360 1300 difficultatem,
1421 1232 1489 1292 ut
1542 1231 1768 1289 tamen
1816 1220 2190 1291 Hesiodum
2242 1242 2379 1289 non
2437 1221 2849 1311 respexisse

559 1340 910 1443 videatur,
971 1359 1254 1430 prorsus
1310 1337 1646 1411 humanas
1695 1362 1823 1411 nec
1886 1339 1997 1409 ulli
2055 1340 2369 1431 corporis
2424 1340 2851 1411 detrimento

557 1446 893 1530 obnoxias
946 1459 1202 1530 Graeas
1249 1473 1677 1541 noscentem,
1736 1471 1806 1530 ut
1859 1471 2216 1551 praeterea
2274 1482 2414 1530 non
2464 1459 2649 1552 apud
2697 1460 2852 1527 ani·

558 1603 741 1649 mum
799 1578 1194 1669 rependerit
1248 1582 1591 1672 perfectae
1640 1580 1880 1652 saltem
1938 1581 2241 1651 Graecae
2292 1580 2457 1650 artis
2513 1579 2851 1669 tempori-

557 1701 687 1770 bus
750 1721 887 1769 non
954 1687 1152 1770 facile
1225 1698 1521 1771 artifices
1587 1702 1675 1771 ab
1732 1702 1867 1772 ullo
1938 1699 2334 1791 proposito,
2410 1699 2570 1790 quia
2630 1697 2695 1766 id
2756 1697 2850 1767 ad

555 1819 874 1889 effectum
928 1818 1085 1889 duci
1144 1842 1278 1891 non
1335 1840 1544 1911 posse
1600 1831 1952 1912 putarent,
2019 1818 2508 1898 abhorruisse,
2600 1829 2846 1887 contra

558 1941 848 2009 fortasse
904 1939 1202 2029 aliquem
1270 1940 1358 2010 ad
1430 1941 1601 2010 tales
1671 1962 1785 2010 res
1853 1939 2209 2031 eligendas
2266 1938 2482 2008 fuisse
2540 1957 2848 2030 propen-

558 2081 745 2139 sum,
823 2080 958 2149 quo
1029 2060 1286 2151 quippe
1342 2060 1539 2151 copia
1594 2059 1876 2130 daretur
1929 2059 1996 2129 id
2051 2058 2236 2150 quod
2291 2058 2569 2128 foedum
2626 2068 2848 2148 atque

556 2177 888 2247 abnorme
930 2176 1280 2248 videretur
1319 2181 1482 2249 artis
1527 2179 1871 2250 illecebris
1916 2177 2003 2249 ad
2048 2177 2421 2249 iucundum
2469 2176 2848 2268 quemdam

555 2319 636 2366 ac
709 2295 1230 2390 pulchritudinis
1296 2298 1566 2390 legibus
1627 2298 2174 2370 consentientem
2238 2307 2594 2390 aspectum
2660 2297 2847 2366 redi·
2937 2292 2938 2379 ζ

556 2415 785 2506 gendL

758 2536 907 2606 Fuit
960 2536 1335 2607 Panofka
1394 2539 1548 2629 qui,
1609 2550 1676 2609 ut
1709 2539 2162 2634 saepissime,
2218 2535 2673 2608 audacissima
2735 2558 2848 2605 ra-

559 2657 743 2727 tione
797 2658 864 2726 in
922 2655 1102 2728 hunc
1157 2658 1536 2751 sepositum
1594 2658 1899 2755 mythum
1948 2658 2377 2731 incumberet
2427 2669 2495 2727 et
2548 2657 2847 2726 nonnul·
2935 2701 2936 2758 l

557 2778 638 2846 lis
693 2778 861 2847 locis
915 2777 1170 2847 Graeas
1231 2779 1444 2871 pictas
1502 2802 1660 2851 esse
1719 2779 2011 2873 probare
2066 2779 2377 2851 studeret
2412 2774 2511 2869 8),
2580 2798 2845 2868 nequa·
2935 2765 2936 2792 ³

555 2918 758 2987 quam
829 2908 1051 2966 tamen
1124 2907 1196 2966 ut
1263 2919 1400 2967 non
1473 2899 1986 2993 impugnaretur
2056 2899 2207 2970 eius
2279 2893 2536 2994 opinio.
2667 2898 2845 2967 Sunt

555 3016 736 3085 enim
806 3017 921 3107 qui
985 3014 1298 3087 homines
1362 3016 1547 3089 docti
1608 3019 1760 3090 sine
1818 3018 2083 3111 magnis
2137 3017 2709 3090 haesitationibus
2769 3020 2845 3088 il·
2933 3095 2934 3102 ἵ

555 3137 692 3204 lum
747 3138 963 3207 secuti
1020 3136 1156 3207 sint
1192 3133 1279 3230 9),
1337 3148 1573 3209 contra
1628 3138 1737 3208 alii
1787 3139 1964 3209 adeo
2007 3139 2532 3210 condicionibus
2580 3161 2656 3210 se
2703 3140 2844 3210 cir-

555 3267 1077 3350 cumrepserunt
1151 3268 1219 3327 ut
1297 3256 1459 3348 quid
1533 3281 1701 3329 vere
1769 3259 2065 3330 sentiant
2134 3259 2222 3331 de
2290 3283 2364 3329 re
2432 3281 2568 3330 non
2636 3260 2844 3330 facile

554 3375 866 3466 dignosci
926 3375 1204 3469 possit·
1287 3377 1465 3459 Quin
1516 3400 1735 3471 nuper
1780 3400 1977 3450 acres
2024 3380 2585 3470 argumentisque
2632 3380 2844 3451 valde

558 3495 1056 3590 spectabilibus
1135 3495 1509 3567 instructae
1584 3497 2133 3592 impugnationes
2211 3520 2292 3569 ac
2370 3497 2845 3571 dubitationes

553 3615 1011 3685 Wieseleri
1055 3613 1145 3708 10)
1202 3615 1270 3687 id
1322 3616 1641 3687 effecisse
1683 3618 2005 3689 videntur
2039 3629 2113 3688 ut
2158 3641 2397 3689 rursus
2430 3619 2698 3690 Graeae
2749 3643 2845 3690 ex

554 3757 792 3805 eorum
862 3736 1215 3806 numinum
1270 3735 1688 3810 Graecorum
1759 3737 1930 3808 orbe
1997 3759 2177 3830 quae
2241 3749 2387 3810 arte
2455 3737 2607 3809 ficta
2678 3762 2845 3810 esse
2927 3781 2928 3784 =

553 3865 819 3925 constat
871 3865 1179 3926 retrusae
1235 3857 1388 3927 sint.

712 3970 1026 4068 'Operae
1099 3976 1227 4045 erit
1299 3977 1588 4070 pretium
1656 3976 1743 4046 ad
1810 3998 1955 4045 rem
2025 3976 2223 4071 plane
2282 3977 2843 4072 perspiciendam

552 4093 784 4164 denuo
839 4094 964 4166 has
1019 4096 1461 4187 quaestiones
1516 4096 1891 4189 suscipere.

755 4216 827 4284 In
884 4216 1255 4287 Graear'um
1322 4215 1628 4310 mythum
1697 4216 2148 4310 respicientes
2203 4228 2342 4287 tres
2396 4217 2842 4290 animadver-

555 4336 758 4406 timus
811 4336 1259 4407 condiciones
1306 4335 1371 4407 in
1425 4335 1678 4427 quibus
1735 4336 1993 4430 positas
2042 4334 2318 4408 fictores
2372 4337 2521 4408 illas
2579 4360 2838 4434 propo·
