2970 5100
1603 443 1701 517 26

518 649 606 721 ad
662 670 846 720 mare
903 657 1247 743 spectant,
1322 650 1391 720 in
1445 651 1657 720 altera
1712 670 1960 744 caprea
2016 670 2241 731 mare,
2321 649 2431 720 leo
2496 648 2793 731 coelum,

519 793 806 864 serpens
855 780 1107 840 terram
1161 769 1442 841 denotat
1483 768 1600 865 ¹¹).

721 889 1252 960 Evidentissima
1302 901 1528 962 autem
1584 889 1755 961 haec
1799 888 1967 961 fiunt
2015 890 2083 959 in
2128 889 2379 960 Hecata
2410 883 2505 981 12)
2554 888 2794 958 Hesio-

518 1009 688 1090 dea,
769 1008 1062 1080 triformi
1114 1020 1185 1080 et
1240 1033 1361 1105 per
1416 1034 1645 1082 rerum
1699 1023 2008 1080 naturam
2065 1010 2536 1103 omnipotenti.
2645 1008 2793 1091 Qua

517 1149 805 1223 magnae
869 1128 1044 1199 deae
1114 1131 1410 1223 potentia
1482 1130 1828 1201 dilabente
1884 1131 2027 1224 ipsa
2085 1131 2151 1199 in
2207 1130 2597 1220 Gorgonem
2651 1129 2793 1198 Me-

516 1249 798 1330 dusam,
873 1249 1202 1343 Scyllam,
1276 1250 1596 1321 Cererem
1661 1251 2040 1320 Melaenam
2109 1249 2472 1330 dividitur,
2551 1270 2794 1319 omnes

515 1368 639 1441 has
697 1354 1065 1448 triformes,
1123 1389 1365 1440 omnes
1412 1370 1500 1442 ad
1556 1380 1697 1442 tres
1751 1393 1979 1441 rerum
2031 1379 2313 1440 naturae
2363 1379 2592 1462 partes
2640 1392 2794 1461 per-

518 1491 851 1570 tinentes,
909 1498 1166 1559 tantum
1226 1487 1643 1581 quodnon,
1702 1500 1773 1560 ut
1825 1490 2116 1571 Hecata‚
2173 1490 2320 1584 pari
2378 1511 2497 1584 per
2550 1497 2792 1559 cuncta

519 1609 642 1679 tria
699 1608 983 1703 imperia
1036 1610 1335 1703 potentia
1393 1608 1850 1691 dominantur,
1907 1632 2060 1681 cum
2108 1610 2174 1679 in
2226 1609 2436 1702 prima
2487 1611 2667 1688 luna,
2725 1607 2793 1678 in

515 1731 726 1800 altera
777 1750 986 1809 mare,
1037 1727 1104 1797 in
1150 1729 1345 1798 tertia
1394 1740 1576 1800 terra
1618 1730 1956 1822 inferique
2006 1752 2169 1824 prae
2208 1729 2458 1800 ceteris
2494 1729 2789 1799 valeant.

516 1851 768 1920 Tamen
825 1848 1028 1919 valde
1083 1859 1346 1920 mature
1401 1873 1556 1922 cum
1614 1848 1852 1920 harum
1909 1872 2186 1942 quoque
2244 1849 2444 1918 trium
2508 1848 2793 1919 dearum

520 1969 819 2064 potentia
899 1967 1006 2039 his
1087 1990 1365 2060 quoque
1443 1990 1622 2062 quae
1702 1968 2167 2060 significantur
2236 1969 2789 2059 exstinguuntur,

518 2090 710 2184 ipsae
765 2090 967 2183 plane
1019 2088 1105 2160 ad
1150 2100 1483 2183 portenta,
1546 2090 1743 2183 piane
1795 2088 1881 2160 ad
1938 2088 2313 2158 daemonas
2356 2087 2790 2169 delabuntur,

519 2220 788 2281 servata
831 2209 1282 2290 triformitate,
1340 2230 1519 2300 quae
1573 2210 1706 2278 iam
1764 2210 1829 2278 in
1873 2207 2327 2297 Gorgonibus,
2388 2209 2603 2300 magis
2654 2230 2793 2278 ma-

519 2331 766 2422 gisque
819 2330 1238 2409 conformata
1297 2340 1370 2399 ut
1422 2329 1852 2400 sidereorum
1908 2328 2262 2397 numinum
2317 2336 2578 2409 natura,
2643 2351 2792 2422 per·

520 2448 682 2520 inde
735 2458 941 2540 atque
996 2450 1063 2519 in
1122 2449 1368 2543 pallida
1436 2470 1615 2541 quae
1690 2459 1924 2543 postea
1985 2447 2113 2517 dea
2180 2449 2353 2518 facta
2420 2457 2526 2519 est
2592 2450 2794 2519 lunae

516 2572 792 2651 Hecata,
851 2570 1135 2663 perinde
1188 2582 1392 2663 atque
1446 2570 1514 2639 in
1571 2570 1889 2664 Geryone
1946 2569 2010 2638 in
2062 2568 2441 2639 occidentis
2499 2568 2793 2659 regioni-

518 2692 650 2762 bus
703 2688 1051 2760 habitante
1105 2690 1189 2763 ad
1248 2700 1390 2761 tres
1444 2690 1649 2759 lunae
1701 2690 1893 2760 vices
1949 2697 2267 2783 spectans
2322 2688 2645 2759 cernitur.

719 2811 997 2900 Iamque
1044 2811 1246 2881 etiam
1296 2812 1552 2881 Graeas
1600 2810 1763 2880 satis
1803 2807 1962 2878 mihi
1993 2808 2510 2880 demonstrasse
2548 2806 2794 2878 videor

519 2930 676 2999 oiim
749 2930 1042 3023 potentis
1112 2928 1315 3001 huius
1387 2929 1594 3024 prisci
1663 2939 1943 2999 cunctas
2009 2939 2151 2999 tres
2218 2951 2446 2999 rerum
2509 2938 2792 2998 naturae

520 3058 748 3144 partes
801 3050 1278 3143 amplectentis
1333 3050 1621 3121 deorum
1678 3049 1956 3141 generis
2011 3050 2225 3120 fuisse
2281 3057 2657 3142 posteaque
2705 3046 2792 3118 ad

518 3171 930 3241 daemonum
1002 3170 1225 3239 iocum
1295 3169 1615 3263 delapsas
1679 3171 1978 3240 maxime
2049 3170 2114 3239 in
2184 3168 2350 3239 mari
2419 3167 2791 3261 potentiam

519 3311 712 3361 suam
757 3287 1147 3368 ostendere,
1207 3300 1277 3359 ut
1333 3300 1561 3359 tamen
1620 3312 1853 3361 earum
1911 3290 1999 3360 ad
2054 3311 2166 3360 res
2221 3288 2530 3359 sidereas
2586 3289 2791 3381 perti-

483 3409 746 3507 ·nentia
801 3428 1236 3500 nequaquam
1295 3432 1576 3503 prorsus
1630 3410 1998 3482 deleretur.
2108 3410 2208 3478 Ex
2256 3428 2388 3500 qua
2436 3407 2617 3501 apud
2661 3408 2792 3479 Ae-

518 3528 832 3623 schylum
885 3550 1094 3597 unum
1154 3528 1337 3598 ilium
1396 3531 1695 3611 oculum,
1752 3529 2053 3601 Hesiodo
2105 3550 2242 3599 non
2284 3537 2541 3610 notum,
2601 3528 2793 3600 inve-

518 3650 742 3720 nimus
797 3646 884 3717 de
942 3647 1184 3742 priscis
1239 3649 1467 3742 populi
1525 3650 1773 3721 fabulis
1821 3649 2077 3744 repeti,
2137 3650 2256 3717 vix
2313 3658 2538 3719 tamen
2598 3650 2794 3719 intel-

521 3772 766 3839 lectum
826 3768 1240 3838 marinarum
1308 3769 1590 3841 dearum
1658 3782 1943 3840 naturae
2004 3768 2213 3839 inseri
2273 3778 2477 3860 atque
2537 3769 2815 3839 tributo*

520 3889 602 3959 iis
649 3887 735 3959 ab
790 3888 903 3960 illo
950 3889 1342 3979 Gorgonum
1399 3890 1755 3961 custodiae
1804 3911 2089 3961 munere
2145 3887 2513 3983 explicari,
2576 3898 2793 3958 totum

518 4009 823 4103 mythum
874 4023 983 4079 ‘ex
1047 4027 1132 4079 eo
1201 4010 1580 4103 exemplari
1646 4009 1828 4102 quod
1887 4011 1954 4080 in
2009 4009 2319 4080 Herculis
2376 4008 2617 4079 itinere
2672 4010 2795 4080 ad-

518 4139 665 4199 erat
718 4128 1092 4200 transferri.
1202 4129 1478 4221 Iamque
1520 4151 1699 4221 quae
1737 4128 2122 4224 Aeschylus
2169 4127 2610 4199 inchoaverat
2650 4150 2794 4199 am-

521 4248 695 4343 plius
739 4247 1231 4320 exhaurientes
1280 4248 1580 4320 seriores
1626 4247 1788 4319 nihii
1841 4269 2046 4341 quam
2098 4249 2548 4320 vaticinantes
2595 4272 2676 4320 ac
2724 4251 2796 4320 vi

520 4367 871 4461 cogendas
924 4368 1134 4440 maris
1192 4368 1567 4440 daemonas
1622 4389 1744 4441 eas
1796 4391 1955 4441 esse
2023 4379 2382 4441 noverunt,
2509 4370 2796 4463 Propter
