2970 5100
1254 445 1346 516 15

372 653 534 731 Iam,
592 661 665 720 ut
723 651 948 720 statim
1003 650 1195 720 locus
1249 648 1680 742 Aeschyleus
1736 649 1821 719 ad
1879 646 2085 720 finem
2139 648 2439 721 deduca-

169 787 292 854 tur,
347 764 516 843 cum‘
557 757 981 841 certitudine
1019 769 1237 862 accipi
1292 791 1499 863 posse
1550 768 1822 839 videtur
1860 770 2116 841 Graeas
2173 781 2444 862 poetam

168 915 297 963 non
364 893 560 984 plena
615 909 991 982 cycnorum
1048 890 1300 970 forma,
1375 889 1484 959 cui
1554 890 1650 958 rei
1723 889 1831 959 vel
1888 910 2027 959 vox
2092 910 2271 980 quae
2339 900 2446 959 est

162 1011 439 1104 ,,κόραι“
481 1008 816 1079 contraria
874 1020 1002 1089 est,
1060 1009 1183 1078 sed
1242 1007 1717 1101 superioribus
1771 1009 2081 1101 corporis
2138 1008 2445 1101 partibus

170 1130 565 1225 puellarum,
626 1128 1067 1198 inferioribus
1109 1149 1485 1220 cycnorum
1533 1126 1875 1219 praeditas
1914 1126 2224 1207 finxisse,
2280 1148 2446 1219 qua-

165 1252 264 1320 les
316 1246 576 1338 figurae
630 1246 857 1315 fluviis
881 1246 1385 1344 ταυρομόρφοις
1438 1247 1662 1340 capite
1716 1248 1957 1318 saltem
1999 1245 2298 1316 humano
2337 1268 2446 1316 or-

167 1371 338 1442 natis
373 1363 499 1464 ¹¹²³),
558 1365 916 1436 Sirenibus
959 1364 1502 1461 ὀρνιθομόρφοις
1522 1364 1640 1457 45),
1698 1367 2050 1438 sexcentis
2093 1377 2444 1460 praeterea

170 1490 450 1584 perinde
516 1486 883 1580 speciebus
949 1507 1040 1554 ex
1109 1485 1464 1557 hominum
1535 1489 1599 1556 in
1666 1487 1964 1578 antiquis
2033 1486 2446 1576 imaginibus

168 1623 235 1681 et
285 1611 515 1680 alitum
572 1607 788 1675 forma
844 1605 1245 1698 compositis
1301 1605 1544 1676 similia
1603 1627 1724 1677 sua
1781 1607 2292 1676 nanciscuntur.

370 1727 660 1798 Gravius
729 1736 959 1795 autem
1028 1722 1135 1795 his
1199 1746 1378 1816 quae
1449 1726 1884 1798 intercedunt
1947 1727 2123 1796 inter
2182 1727 2446 1796 Graeas

165 1869 343 1940 quae
413 1856 569 1918 sunt
633 1844 811 1938 apud
886 1844 1260 1914 Hesiodum
1315 1856 1383 1915 et
1435 1845 1860 1940 Aeschylum
1913 1844 2320 1916 differentiis
2375 1844 2446 1916 id

168 1980 274 2038 est
329 1965 537 2058 quod,
595 1987 751 2034 cum
806 1963 916 2035 hic
955 1964 1209 2035 Perseo
1268 1965 1623 2059 primarias
1679 1976 1905 2058 partes
1953 1966 2020 2034 in
2078 1986 2163 2035 eo
2216 1961 2449 2057 mytho

170 2087 459 2166 tribuat,
521 2082 728 2152 'illum
800 2083 1143 2155 Hesiodus
1208 2085 1273 2154 ei
1347 2085 1684 2156 interesse
1743 2086 2029 2176 ignorat.
2157 2084 2448 2165 Etenim,

169 2206 450 2276 minime
505 2205 664 2273 licet
718 2224 808 2272 ex
865 2224 948 2272 eo
1000 2203 1151 2296 ipso
1205 2204 1389 2294 quod
1447 2205 1694 2294 aliquis
1748 2205 2040 2297 scriptor
2085 2204 2173 2274 de
2216 2202 2450 2296 mytho

169 2326 492 2418 quopiam
550 2324 747 2394 sileat
804 2321 1112 2412 ignotum
1169 2346 1325 2393 eum
1385 2324 1475 2392 illi
1545 2324 1760 2394 fuisse
1825 2324 2140 2394 concludi
2209 2323 2447 2416 possit,

167 2444 278 2516 hic
326 2455 515 2515 certe
565 2441 842 2512 Hesiodi
900 2442 1326 2534 temporibus
1369 2442 1695 2513 Perseum
1744 2442 2048 2513 nondum
2096 2444 2162 2511 in
2201 2444 2453 2513 Graea-

168 2588 322 2636 rum
381 2562 687 2659 mythum
744 2562 1157 2655 implicatum
1214 2563 1427 2633 fuisse
1471 2573 1788 2656 apparet3
1845 2584 1997 2632 nam
2043 2564 2194 2634 sine
2240 2563 2454 2633 dubio

168 2685 549 2764 Hesiodus,
621 2683 728 2752 cui
784 2682 952 2774 ipsi,
1041 2693 1110 2752 ut
1165 2681 1231 2751 id
1290 2682 1359 2751 in
1415 2684 1700 2753 transitu
1758 2703 2113 2763 moneam,
2179 2683 2267 2751 ab
2326 2682 2455 2752 He-

169 2801 416 2899 sychio
488 2803 881 2891 Gorgonum
923 2798 1060 2894 l¹6),
1138 2803 1510 2873 Graearum
1585 2823 1940 2882 sororum,
2012 2803 2453 2895 impugnati0‚

167 2925 328 3018 licet
383 2922 453 2992 id
508 2942 646 2992 non
702 2922 1088 2992 certissimo
1143 2922 1291 2992 iure
1346 2920 1460 2992 fiat
1495 2918 1627 3016 ²¹⁷),
1701 2945 1824 3015 pro
1882 2922 2164 2993 invento
2220 2922 2458 2991 tribui-

167 3055 310 3123 tur,
383 3043 448 3111 in
507 3064 585 3111 ea
643 3041 965 3112 carminis
1013 3041 1117 3111 sui
1176 3053 1367 3134 parte
1418 3065 1550 3134 qua
1607 3063 1980 3133 numquam
2039 3042 2285 3111 omittit
2340 3062 2456 3110 eo-

167 3185 321 3233 rum
398 3184 575 3253 quae
645 3161 1091 3253 descripserit
1143 3162 1517 3231 ‘numinum
1595 3162 2106 3254 impugnatores
2181 3181 2455 3240 vocare,

167 3304 330 3352 cum
367 3282 722 3372 Gorgones
778 3280 1093 3373 proxime
1148 3291 1525 3372 sequentes
1583 3281 1958 3372 Perseique
2011 3282 2263 3351 factum
2323 3279 2458 3348 illic

168 3412 622 3472 memoratum
682 3401 861 3472 ultro
910 3420 1063 3470 eam
1115 3401 1531 3471 mentionem
1586 3400 2011 3470 excitaturae
2065 3410 2323 3478 essent,
2382 3399 2457 3466 il·-

164 3522 310 3590 lum
365 3529 1002 3600 commemorasset,
1062 3520 1462 3613 praesertim
1520 3542 1674 3590 cum
1730 3530 1987 3613 aperte,
2047 3529 2118 3589 ut
2170 3517 2458 3588 demon-

164 3641 576 3721 stravimuS,
645 3641 711 3709 in
765 3639 1102 3729 angustiis
1156 3640 1244 3709 sit
1300 3661 1438 3730 quo
1493 3641 1719 3711 minus
1768 3639 2023 3731 aliquid
2081 3638 2171 3709 de
2217 3639 2459 3709 Graeis

163 3761 445 3832 referat.
576 3760 658 3829 Ut
725 3760 926 3849 igitur
998 3757 1105 3828 hic
1166 3756 1602 3851 amplificatio
1670 3758 1886 3854 mythi
1954 3759 2258 3829 cernitur
2324 3759 2458 3827 Ae-

163 3879 393 3974 schyli
450 3891 760 3973 tempore
816 3890 1008 3958 nota,
1068 3878 1167 3948 sic
1220 3877 1565 3972 nymphae
1622 3880 1801 3973 apud
1858 3879 2029 3950 alios
2088 3878 2458 3971 scriptores

163 4000 397 4070 illatae
439 4022 561 4093 pro
603 4000 1027 4069 incremento
1075 3997 1363 4068 iudicari
1420 3998 1675 4069 debent
1723 3999 1911 4090 quod
1960 4010 2113 4093 post
2154 3996 2458 4091 Aeschy-

163 4119 310 4188 lum
365 4117 642 4188 demum
699 4116 975 4212 mythus
1033 4118 1435 4211 sumpserit3
1496 4119 1608 4189 ille
1659 4119 1840 4188 enim
1890 4138 2009 4188 eas
2058 4139 2191 4187 non
2242 4118 2456 4187 novit.

163 4239 342 4306 Nam
411 4258 828 4329 quamquam
896 4258 987 4307 ex
1052 4258 1137 4308 eo
1202 4237 1387 4327 quod
1463 4237 1530 4305 in
1603 4236 2011 4308 Prometheo
2087 4259 2206 4307 eas
2285 4239 2460 4307 inter

159 4358 429 4428 Graeas
473 4368 541 4427 et
581 4358 938 4447 Gorgonas
976 4379 1114 4427 non
1161 4368 1495 4428 memorat
1538 4359 1704 4427 certi
1752 4356 2124 4449 quidquam
2172 4358 2238 4425 in
2283 4355 2460 4427 hanc
