2970 5100
1608 443 1699 514 122

511 649 1033 721 commemorari
1073 668 1285 718 canos
1330 648 1581 728 crines,
1643 641 2233 734 „die'wichtigste
2273 640 2793 733 Eigenschaft“.

511 770 596 839 At
650 769 703 840 si
762 772 1045 838 missum
1101 768 1431 838 faciamus
1485 765 1673 857 quod
1721 784 2154 855 nequaquam
2203 784 2446 832 omnes
2499 763 2798 854 scripto·

513 911 623 959 res
681 897 1105 959 senectutem
1161 886 1269 954 vel
1326 906 1538 956 canos
1593 885 1820 956 crines
1877 904 2111 953 earum
2172 892 2586 961 memorant,
2666 882 2797 950 ita-

510 1030 646 1100 que
701 1029 836 1076 non
893 1005 1126 1096 utique
1181 1027 1355 1098 opus
1423 1014 1567 1074 erat
1644 1025 1724 1074 ea
1796 1003 1976 1097 apud
2036 1000 2451 1094 Aeschylum
2507 1021 2799 1092 quoque

514 1125 821 1205 indicari,
892 1134 1117 1193 tamen
1175 1134 1332 1195 nota
1389 1125 1604 1195 fuisse
1661 1124 1752 1192 illi
1812 1144 1890 1193 ea
1949 1121 2184 1203 credo,
2243 1122 2475 1191 inesse
2531 1121 2663 1188 iam
2720 1120 2798 1188 in

510 1253 882 1331 ,,δηναιαί“,
970 1242 1152 1334 quod
1218 1243 1400 1313 idem
1476 1253 1582 1313 cst
1648 1263 1730 1313 ac
1792 1249 2065 1323 ,,πολιαὶ
2118 1248 2183 1312 ἐκ
2233 1245 2540 1331 γενετῆς(
2605 1237 2798 1331 apud

511 1364 929 1444 Hesiodum,
1010 1362 1309 1431 maxime
1375 1373 1603 1432 autem
1672 1361 1931 1432 involvi
1992 1361 2058 1429 in
2122 1380 2207 1430 eo
2263 1357 2449 1450 quod
2506 1370 2612 1429 est
2670 1380 2802 1450 per

513 1481 1124 1555 contradictionem
1190 1483 1254 1550 in
1311 1481 1581 1552 adiecto
1637 1487 1946 1566 ,,δηναιαὶ
1998 1477 2252 1575 κόραιὲί,
2332 1499 2495 1568 ergo
2551 1488 2801 1558 „vete-

514 1626 628 1677 res
672 1603 1047 1692 virgines“‚
1105 1602 1426 1681 „vetulae
1477 1601 1947 1695 puellae“.——
2002 1601 2140 1668 lam
2197 1599 2254 1669 si
2310 1597 2472 1667 illud
2522 1598 2806 1678 „xvuvd-

512 1731 799 1820 φορκοι“
826 1721 1360 1813 respexerimus,
1418 1721 1684 1791 ratione
1722 1719 1946 1789 habita
1993 1739 2357 1811 vesparum
2395 1713 2493 1811 ³⁶)
2533 1715 2806 1786 Aristo-

517 1842 758 1936 phanis
816 1838 1339 1912 concedendum
1399 1851 1506 1911 est
1561 1840 1788 1911 crines
1842 1837 2181 1909 humanos
2236 1860 2391 1908 cum
2452 1837 2619 1930 ipsis
2674 1858 2802 1930 cy·

515 1982 797 2032 cnorum
857 1959 1098 2052 pennis
1152 1962 1536 2053 comparari
1562 1955 1698 2055 3⁷);
1787 1958 1963 2028 solet
2015 1967 2244 2026 tamen
2302 1977 2381 2027 ea
2440 1976 2806 2049 compara·

517 2081 609 2149 tio
663 2079 902 2149 referri
951 2078 1039 2148 ad
1093 2080 1396 2150 colorem
1457 2081 1654 2151 cutis.
1778 2075 1974 2160 Quod
2037 2075 2581 2147 luculentissime
2638 2097 2804 2168 pro-

514 2199 683 2270 bare
728 2195 889 2268 mihi
934 2197 1256 2269 videntur
1302 2199 1434 2269 loci
1476 2200 1698 2290 qualis
1744 2210 1849 2268 est
1896 2194 2308 2287 Euripideus
2364 2218 2502 2286 quo
2550 2193 2806 2264 Thres-

517 2338 635 2388 sae
691 2317 955 2411 puellae
1011 2340 1165 2388 cum
1221 2319 1459 2410 cycnis
1513 2325 1992 2411 comparantur
2017 2309 2139 2410 38),
2200 2315 2611 2406 virgilianus
2654 2335 2807 2405 quo

522 2435 928 2517 „candidior
966 2437 1256 2529 cycnis“
1298 2437 1550 2508 dicitur
1584 2439 1859 2509 Galatea
1884 2431 2008 2532 39),
2053 2436 2243 2529 quod
2289 2435 2605 2506 nimirum
2659 2455 2806 2503 non

520 2556 797 2648 respicit
850 2556 1077 2626 crines
1097 2587 1114 2640 3
1186 2579 1413 2649 neque
1467 2557 1648 2628 aliud
1708 2558 2082 2650 quidquam
2144 2555 2492 2649 praedicat
2545 2555 2807 2625 Pausa-

520 2676 677 2746 niae
705 2672 804 2771 εΜ’)
851 2697 1058 2766 quem
1101 2676 1525 2748 Wieseler
1577 2677 1775 2747 affert
1813 2678 2024 2758 locus,
2083 2698 2222 2768 quo
2272 2676 2544 2769 species
2590 2695 2811 2765 quae·

521 2796 678 2866 dam
735 2795 1113 2886 aquilarum
1168 2800 1394 2877 „oin-oi
1448 2795 1739 2868 κὺκνιοι“
1790 2797 2253 2891 appellantur,
2330 2794 2398 2864 id
2466 2804 2611 2874 est,
2683 2793 2811 2883 qui

521 2916 658 2984 sint
703 2927 844 2985 toto
897 2935 1189 3009 corpore
1233 2916 1367 2985 albi
1413 2926 1488 2985 ut
1541 2917 1764 3009 cycni,
1820 2938 2025 3008 quem
2059 2914 2146 2985 ad
2186 2912 2460 2984 modum
2502 2914 2652 3006 ipse
2683 2912 2811 2982 ad-

519 3035 618 3105 dit
668 3033 1002 3126 ,,μάλιστα
1061 3032 1358 3119 ἐοικότας
1411 3032 1618 3131 κύκνῳ
1673 3034 2117 3120 λευκότητα“;
2199 3033 2486 3127 perinde
2541 3033 2810 3122 Grego-

522 3156 664 3225 rius
717 3154 1136 3225 Turonensis
1197 3154 1446 3244 insigni
1501 3155 1656 3226 loco
1708 3175 2063 3245 exsangue
2110 3155 2344 3223 larvae
2398 3175 2478 3223 os
2548 3162 2814 3244 „caput
2925 3147 2928 3155 ’

521 3282 911 3367 cycneum“
941 3270 1039 3367 4¹)
1072 3272 1258 3354 dicit,
1314 3293 1394 3345 ac
1419 3274 1691 3368 Cycnus
1727 3295 1980 3345 nomen
2011 3296 2207 3344 suum
2258 3273 2457 3343 unice
2494 3271 2583 3342 de
2622 3271 2809 3340 cutis

521 3395 753 3465 colore
810 3392 1094 3464 inditum
1148 3392 1496 3489 habet‘ffl).
1607 3395 1855 3465 Contra
1910 3416 2067 3465 cum
2122 3392 2361 3487 cycnis
2418 3390 2807 3483 comparati

522 3513 674 3585 cani
731 3512 997 3594 crineS,
1058 3524 1129 3583 ut
1181 3513 1366 3594 dixi,
1423 3516 1628 3605 longe
1684 3514 1904 3585 rarius
1960 3515 2067 3582 vel
2125 3510 2302 3581 adeo
2360 3509 2808 3605 paucissimis

525 3634 808 3706 forsitan
860 3632 1031 3703 locis
1087 3634 1544 3705 inveniantur.

732 3752 1071 3823 Licentius
1123 3752 1256 3823 sibi
1296 3752 1730 3823 indulserunt
1766 3751 1902 3830 alii,
1957 3750 2075 3842 qui
2113 3746 2585 3845 κυκνόμορφοι,
2634 3768 2816 3837 quo-

524 3873 702 3941 niam
765 3881 908 3941 tuto
962 3882 1108 3941 erat
1162 3871 1523 3953 traditum,
1581 3870 1995 3949 retinerent,
2053 3867 2179 3938 sed
2233 3889 2609 3961 cycnorum
2665 3867 2815 3937 for·

524 4012 700 4062 mam
738 3988 1314 4062 exhorrescentes
1359 3990 1706 4085 impavide
1745 3988 1985 4070 „canis
2023 3986 2379 4058 crinibus“
2426 3986 2532 4056 vel
2581 4006 2820 4066 „cano

522 4112 756 4181 colore
815 4110 1210 4204 praeditae“
1270 4110 1905 4204 interpretarentur,
1964 4107 2028 4175 in
2085 4126 2290 4198 quam
2346 4106 2538 4176 vocis
2595 4106 2821 4195 signi-

521 4229 908 4301 ficationem
951 4251 1158 4299 nemo
1192 4230 1308 4320 qui
1349 4231 1581 4298 animo
1617 4250 1752 4298 non
1794 4238 2050 4296 temere
2102 4226 2562 4319 praesumptis
2605 4236 2822 4317 capto

522 4350 594 4422 id
647 4352 756 4422 vel
814 4351 1073 4441 legeret
1129 4349 1239 4418 vel
1291 4348 1560 4419 audiret
1611 4357 1799 4417 esset
1853 4347 2213 4418 incasurus
2242 4341 2369 4440 ²¹3).
