2970 5100
1270 460 1358 530 17

174 683 376 753 quam
436 663 742 755 plurimis
797 661 1176 733 honoribus
1223 664 1608 734 cumulatos
1651 674 1979 754 quantum
2026 661 2171 733 fieri
2221 676 2454 757 posset

175 782 424 862 efferre
479 782 867 862 studerent,
957 784 1248 877 populus
1303 784 1451 876 ipse
1507 795 1574 853 et
1631 793 1874 875 poetae
1931 784 2104 852 inter
2159 805 2234 854 se
2290 806 2453 853 con-

175 900 552 971 tendebant
607 913 677 970 ut
739 902 802 970 in
860 901 1108 972 heroas
1169 902 1318 972 illos
1373 924 1651 994 quoque
1706 923 1872 972 suos
1927 903 2179 973 seriem
2237 903 2448 972 facto-

176 1042 327 1088 rum
380 1021 763 1113 reperirent
817 1042 995 1111 quae
1035 1021 1336 1091 omnium
1377 1022 1789 1092 nobilissimi
1824 1032 2191 1112 aequaret3
2246 1043 2452 1113 quem

171 1138 594 1208 admodum
651 1140 719 1208 in
775 1142 962 1211 vasis
1016 1142 1312 1232 quadam
1370 1142 1629 1234 pictura
1693 1141 1953 1210 eximie
2006 1140 2451 1211 attentionem

172 1259 524 1328 detinente
580 1259 874 1330 Perseus
928 1261 1253 1354 Hydram,
1314 1259 1792 1340 Chimaeram,
1836 1261 2247 1349 Gorgonem,
2307 1261 2454 1350 qui-

174 1377 302 1446 bus
360 1389 961 1469 repraesentantur
1010 1390 1317 1474 portenta
1376 1400 1733 1473 aquarum,
1796 1380 2025 1459 mariS,
2074 1379 2454 1458 coeli,.im-

175 1510 428 1590 pugnat
450 1493 568 1584 ‘fflla
658 1499 873 1581 Quae
918 1501 1123 1591 igitur
1169 1501 1420 1572 ceteris
1465 1499 1796 1570 heroibus
1846 1501 2015 1569 tacta
2065 1498 2457 1568 tribuuntur

173 1636 382 1710 saepe
439 1619 605 1689 nihil
663 1597 821 1688 sunt
876 1641 1080 1710 quam
1140 1620 1452 1691 eiusdem
1508 1619 1639 1690 sub
1696 1620 1847 1689 aliis
1896 1618 2292 1687 nominibus
2348 1639 2455 1686 re-

173 1738 571 1829 petitiones3
628 1739 1024 1830 quibusque
1080 1751 1443 1832 tamquam
1479 1740 1895 1809 vestimento
1948 1736 2250 1828 quodam
2297 1736 2457 1806 Per-

170 1855 297 1925 sei-
329 1858 497 1927 facta
544 1859 1061 1950 Graearumque
1103 1859 1528 1953 impugnatio
1577 1869 1785 1949 atque
1840 1859 1986 1951 ipsa
2038 1855 2262 1927 omnis
2302 1855 2453 1925 eius

170 1975 384 2068 mythi
441 1999 702 2049 summa
757 1979 1194 2049 involvuntur
1241 2000 1319 2050 ea
1378 2000 1468 2048 ex
1518 1978 1766 2048 fabulis
1818 1976 2172 2048 Herculeis
2231 1985 2450 2043 trans-

170 2095 298 2166 lata
354 2108 532 2167 sunt.
1316 2102 1319 2107 ’

1185 2469 1252 2564 §-
1364 2470 1430 2538 3.

737 2627 850 2691 De
893 2616 1162 2693 Graeis
1207 2624 1487 2691 deabus
1529 2620 1872 2730 marinis.

402 2817 696 2887 Perseus
748 2817 832 2887 ad
889 2818 1014 2886 alia
1062 2819 1374 2888 :facinora
1432 2818 1709 2908 egregia
1773 2817 2028 2910 pergit,
2106 2841 2227 2912 per
2275 2839 2452 2910 quae

171 2961 331 3028 eum
394 2937 592 3027 sequi
647 2960 782 3006 non
839 2938 1033 3018 licet,
1105 2961 1259 3008 cum
1317 2937 1426 3007 hic
1484 2938 1562 3006 in÷
1608 2938 1864 3008 Graeis.
1905 2937 2285 3008 sistendum
2344 2940 2450 3009 sit.

171 3060 307 3127 lam
364 3068 593 3126 autem
651 3056 716 3124 in
764 3055 899 3127 fine
952 3080 1190 3128 sumus
1240 3080 1464 3127 rerum
1527 3056 2068 3137 referendarum,
2110 3080 2261 3127 :non
2312 3079 2454 3129 am-

174 3179 351 3271 plius
405 3177 537 3247 illis
593 3176 681 3244 in·
716 3175 1136 3270 mythologia
1194 3178 1451 3247 Graeca
1504 3176 2016 3271 apparent-ibus.
2126 3177 2207 3247 Et
2260 3199 2453 3247 soro-

174 3320 289 3368 res
346 3297 665 3388 quidem,
741 3296 1100 3385 Gorgones
1170 3296 1625 3384 immortales,
1704 3303 2118 3387 quamquam
2172 3296 2452 3366 Medusa

173 3418 525 3487 interfecta
582 3415 764 3487 haud
818 3419 902 3486 ita
961 3438 1213 3508 graves
1271 3426 1496 3509 partes
1552 3426 1781 3504 agunt,
1840 3426 2066 3508 tamen
2115 3425 2280 3485 *eum
2335 3416 2455 3506 qui

172 3537 509 3607 interfecit
587 3548 1094 3628 persequuntur
1152 3546 1224 3606 et
1295 3543 1531 3629 postea
1607 3534 1868 3605 iterum·
1922 3535 2010 3605 ad
2082 3536 2451 3606 inferorum

171 3667 405 3751 portas
467 3656 727 3748 positae
784 3657 1251 3726 inveniuntur.
1360 3654 1798 3724 Talianulla
1864 3654 1929 3722 in
2000 3655 2278 3735 Graeis,
2357 3667 2453 3733 ut,

168 3800 324 3847 cum
373 3787 508 3845 tam
554 3777 948 3869 paucasint
994 3799 1033 3847 e
1072 3774 1327 3867 quibus
1370 3772 1906 3868 proficiscamur,
1964 3774 2034 3842 in
2088 3783 2324 3843 natura
2372 3794 2452 3843 ac

172 3897 240 3965 vi
282 3917 519 3966 earum
578 3896 1105 3988 pervestiganda
1163 3895 1250 3965 ad
1306 3894 1657 3985 angustias
1717 3893 2252 3985 perduceremur
2301 3895 2367 3961 ni
2414 3914 2453 3961 a

168 4028 308 4085 tota
365 4015 616 4085 familia
674 4017 1079 4107 cunctisque
1123 4015 1254 4087 diis
1300 4014 1582 4084 marinis
1631 4033 1709 4082 ea
1763 4024 2050 4106 possent
2095 4013 2231 4106 peti
2274 4034 2453 4104 quae

166 4135 331 4205 huic
387 4136 485 4205 rei
540 4136 922 4205 consulant.

380 4253 604 4345 Atque
667 4255 909 4346 partim
979 4255 1110 4324 iam
1183 4256 1317 4323 alio
1385 4255 1539 4325 loco
1581 4250 1638 4344 ι)
1707 4253 1902 4344 copia
1965 4251 2127 4320 mihi
2187 4252 2309 4319 fuit
2363 4251 2454 4321 de

170 4374 594 4444 marinorum
652 4374 943 4444 deorum
1002 4374 1184 4444 cultu
1252 4374 1691 4467 exponendi,
1769 4372 2012 4465 partim
2069 4371 2136 4441 id
2196 4371 2454 4440 maiore

1966 4508 1997 4558 2
