2970 5100
1590 441 1686 514 ⁴70

489 631 705 687 Witte
753 634 994 692 Cabiuet
1035 640 1302 710 Beugnot
1347 662 1402 715 p.
1441 649 1537 700 94.
1589 662 1644 702 n.
1689 652 1802 705 497
1841 658 1897 707 et
1937 658 2072 713 498.
2110 689 2185 699 —-
2239 662 2398 719 Duae
2444 666 2590 722 tales
2637 686 2801 727 aves

488 749 537 788 e.
587 751 636 789 c.
685 751 777 807 ap.
825 739 908 793 de
954 741 1170 798 Witte
1218 745 1251 800 l.
1298 763 1349 801 c.
1398 766 1451 818 p.
1490 752 1588 804 69.
1637 767 1693 806 n.
1733 757 1838 818 83,
1890 757 2102 815 BIrch
2151 768 2208 817 et
2252 765 2552 824 Newton
2607 772 2799 828 Gala-

485 836 596 905 log.
645 841 708 893 of
749 839 846 895 the
888 843 1022 898 Brit.
1068 847 1209 902 Mus.
1262 865 1316 918 p.
1368 853 1462 905 39.
1513 867 1568 905 n.
1621 855 1758 909 439.

573 939 672 1012 32)
721 943 778 996 V.
829 960 877 998 ο.
931 946 1315 1019 Goettling.
1382 950 1483 1007 das
1530 955 2005 1028 archziologisohe
2056 966 2320 1025 Museum
2370 972 2476 1029 der
2522 976 2794 1034 Univer—

479 1041 611 1096 sitzit
655 1045 796 1099 lena
844 1063 900 1117 p.
953 1051 1050 1105 45.
1098 1067 1156 1105 n.
1207 1055 1347 1108 244.

571 1143 669 1216 33)
721 1148 778 1202 V.
815 1165 865 1204 c.
914 1151 1065 1207 inter
1108 1155 1473 1224 Mercurium,
1523 1158 1850 1232 Apollinem
1885 1174 1943 1222 et
1972 1171 2211 1228 Dianam
2252 1192 2369 1232 see.
2403 1181 2786 1242 Mioalium

478 1246 734 1301 Menum.
787 1251 946 1306 lned.
994 1253 1109 1308 tab.
1145 1255 1420 1314 LXXXIV.
1469 1277 1527 1316 n.
1567 1267 1617 1329 3,
1666 1266 2100 1328 Lenormant
2145 1282 2202 1331 et
2246 1278 2332 1334 de
2365 1282 2581 1340 Witte
2622 1289 2786 1346 Elite

481 1346 810 1418 Ceramogr.
846 1354 910 1407 ll.
958 1354 1072 1409 tab.
1106 1357 1268 1414 XXV.
1313 1377 1372 1431 p.
1401 1363 1497 1418 70.
1545 1366 1605 1420 in
1648 1367 1818 1423 Peleo
1866 1378 1923 1426 et
1968 1374 2207 1433 Thetide
2253 1396 2371 1437 sec.
2407 1386 2780 1447 Miealium

478 1446 513 1501 Ι.
563 1465 612 1503 e.
665 1451 779 1506 tab.
826 1454 1102 1513 LXXXIV.
1157 1463 1210 1515 4.

566 1546 665 1627 34)
711 1555 772 1609 V.
820 1573 871 1611 c.
932 1560 1098 1616 miles
1144 1564 1320 1633 plene
1367 1573 1623 1626 armatus
1678 1573 1827 1630 inter
1881 1577 2028 1634 duas
2070 1582 2315 1641 feminas
2362 1605 2520 1646 aves.
2611 1595 2775 1652 Mus.

475 1653 899 1723 aragon-lanum
948 1664 1009 1717 Il.
1061 1664 1174 1720 lab.
1220 1666 1410 1724 XXIX.
1461 1687 1518 1724 n.
1572 1677 1679 1740 36,
1739 1678 1810 1732 cf.
1863 1681 2182 1739 Gerhard
2229 1686 2455 1746 Auserl.
2507 1695 2772 1753 Vasenb.

472 1757 536 1811 II.
585 1757 701 1812 tab.
750 1760 904 1818 Cvll.

563 1861 660 1927 35)
710 1862 768 1916 V.
819 1879 868 1918 c.
918 1881 1051 1921 cum
1097 1870 1433 1940 spingibus‚
1503 1880 1803 1948 pantheris
1851 1891 1959 1941 etc.
2052 1889 2110 1944 V.
2162 1892 2455 1965 Cataloghi
2502 1898 2556 1953 d.
2608 1902 2768 1960 Mus.

473 1959 668 2032 Camp.
719 1964 840 2019 Ser.
890 1969 930 2022 I.
983 1984 1040 2023 n.
1084 1973 1153 2028 42
1189 1989 1313 2044 seq.
1363 1976 1487 2032 Ser.
1523 1981 1611 2035 111.
1660 1999 1717 2036 n.
1756 1987 1806 2050 4,
1870 1989 2175 2047 Mueller
2224 1997 2343 2051 und
2389 2000 2769 2062 Wieseler

472 2063 719 2119 Denkm.
770 2067 824 2122 d.
874 2070 968 2124 alt.
1016 2073 1080 2127 K.
1131 2076 1168 2129 l.
1222 2075 1336 2131 tab.
1391 2081 1479 2134 Ill.
1529 2097 1587 2136 n.
1646 2086 1749 2150 46,
1818 2089 2203 2166 Goettling.
2252 2098 2287 2152 l.
2336 2116 2385 2155 c.
2435 2120 2490 2173 p.
2544 2107 2639 2161 44.
2697 2125 2759 2165 n.

471 2168 610 2229 230,
663 2169 978 2227 Gerhard
1029 2174 1062 2228 l.
1111 2192 1160 2230 c,
1212 2179 1297 2233 ΠΙ.
1348 2181 1458 2236 tab.
1510 2184 1694 2241 CCXX
1740 2196 1796 2242 et
1842 2192 2114 2251 CCXXIII.

557 2263 656 2341 36)
705 2270 888 2339 Quam
935 2283 1072 2332 sunt
1115 2281 1215 2349 qui
1265 2297 1370 2352 pro
1412 2284 1618 2342 Sirene
1650 2292 1904 2361 casquee
1953 2296 2092 2353 falso
2137 2308 2508 2374 sumpserint,
2557 2317 2621 2364 ut
2664 2313 2757 2369 de

466 2370 687 2426 witto
734 2374 875 2430 Cab.
908 2377 1015 2432 etr.
1063 2397 1119 2450 p.
1162 2384 1298 2437 428.
1349 2398 1406 2440 n.
1445 2391 1585 2455 287,
1634 2392 1706 2446 cf.
1755 2395 2003 2452 Muller
2048 2403 2166 2457 und
2220 2405 2580 2466 Wieseler
2625 2414 2658 2468 l.
2697 2432 2752 2470 c.

463 2473 527 2527 ΙΙ.
578 2475 640 2529 lI.
691 2475 802 2531 lab.
849 2479 1013 2534 XXII.
1064 2497 1121 2536 n.
1173 2486 1351 2542 242Κ.
1402 2506 1458 2559 p.
1516 2495 1652 2548 430.

553 2572 652 2652 37)
701 2580 761 2634 V.
812 2584 1076 2653 exempla
1123 2588 1182 2640 in
1229 2589 1470 2646 Denkm.
1521 2593 1575 2647 d.
1623 2598 1717 2652 alt.
1767 2600 1832 2655 K.
1881 2604 1944 2657 ll.
1995 2606 2079 2661 IV.
2128 2609 2242 2664 tab.
2294 2612 2406 2667 LIX
2452 2621 2510 2669 et
2572 2619 2754 2674 Ger-

463 2678 660 2736 hard.
708 2682 742 2736 l.
793 2700 842 2737 e.
896 2686 934 2739 l.
984 2685 1100 2743 tab.
1139 2688 1374 2747 XXVIII.

552 2782 649 2850 38)
696 2784 944 2842 Perseus
989 2789 1110 2844 und
1161 2791 1254 2847 die
1303 2796 1452 2852 Griia
1502 2817 1557 2871 p.
1615 2803 1709 2856 47.
2093 2847 2099 2852 -

547 2883 644 2953 39)
689 2888 750 2940 In
801 2887 1028 2946 duabus
1073 2893 1184 2948 sub
1231 2911 1289 2950 n.
1327 2901 1402 2954 33
1453 2902 1637 2958 allatis
1668 2905 2037 2977 imaginibus,
2086 2916 2156 2969 cf.
2194 2917 2538 2979 Get-hard.
2586 2928 2749 3000 Rap-

456 2991 621 3053 porte
668 2989 941 3045 Volcente
987 3010 1045 3063 p.
1101 2997 1238 3052 465.
1286 3013 1343 3053 n.
1396 3006 1536 3058 606.

386 3085 389 3086 ’
545 3086 644 3157 40)
706 3092 766 3144 In
832 3093 1107 3165 Geryone
1171 3099 1244 3155 ab
1305 3103 1553 3162 Hercule
1615 3113 1829 3168 occisa
1921 3119 2013 3173 De
2062 3120 2277 3177 Witte
2336 3126 2580 3185 Cabinet
2637 3133 2744 3190 etr.

452 3205 508 3258 p.
556 3192 651 3245 88.
698 3208 756 3246 n.
798 3197 932 3261 439,
980 3199 1039 3253 In
1085 3200 1392 3261 Procridos
1436 3215 1622 3265 morte
1671 3212 2087 3277 d‘Hanearville
2119 3225 2490 3285 Monuments
2520 3232 2741 3307 etrusq.

455 3291 516 3345 II.
565 3292 679 3348 tab.
717 3295 943 3364 CXXVI,
992 3302 1372 3375 Millingen
1421 3307 1671 3367 Ancient
1710 3319 1889 3373 uned.
1939 3337 2226 3389 monum..
2278 3330 2449 3385 etlam
2495 3335 2555 3389 in
2599 3354 2742 3394 vase

451 3494 722 3564 Parisina,
766 3515 883 3555 sec.
935 3503 1016 3559 de
1062 3507 1277 3566 Witte
1325 3513 1359 3568 l.
1395 3531 1444 3569 c.
1494 3532 1551 3571 n.
1594 3522 1643 3572 4.
1678 3551 1759 3560 -
1806 3524 1889 3578 De
1935 3526 2044 3582 bac
2092 3544 2155 3583 re
2201 3535 2475 3590 omnino:
2525 3540 2734 3597 Gerb.

450 3595 673 3654 Auserl.
727 3602 972 3660 Vasenb.
1020 3610 1061 3663 1.
1110 3627 1166 3680 p.
1218 3616 1291 3667 98
1343 3632 1428 3687 sq.
1476 3620 1541 3673 11.
1589 3637 1643 3691 p.
1690 3626 1785 3689 84,
1834 3626 2187 3687 Prodromus
2231 3637 2738 3705 mythol-'Kunst-

450 3700 758 3757 werkerkl.
795 3722 852 3775 p.
891 3710 1009 3763 250
1047 3727 1152 3781 sq..
1202 3716 1370 3772 eliam
1416 3720 1598 3792 Rapp.
1637 3723 1788 3780 Volc.
1822 3744 1878 3797 p.
1924 3732 2060 3786 465.
2111 3749 2168 3787 n.
2208 3738 2345 3804 607,
2397 3740 2734 3800 Weleker

445 3803 555 3857 alte
589 3804 837 3864 Denkm.
866 3810 954 3864 111.
1003 3829 1059 3883 p.
1093 3818 1231 3882 262,
1283 3817 1348 3873 O.
1377 3823 1557 3878 Jahn
1605 3824 1948 3901 Archfiolog.
1986 3834 2247 3907 Beitrzige
2292 3857 2350 3910 p.
2383 3845 2519 3897 437.
2549 3862 2606 3899 n.
2633 3851 2728 3914 66,

442 3904 1068 3970 Raoul-Rochette
1114 3918 1368 3975 Menum.
1417 3924 1573 3980 ined.
1621 3945 1677 3998 p.
1721 3934 1861 3985 384.

460 4027 471 4032 ·
532 4001 630 4084 44)
677 4012 838 4068 Duae
885 4016 1027 4071 tales
1074 4035 1226 4086 auree,
1274 4040 1523 4093 quarum
1569 4044 1815 4100 corpora
1858 4050 2138 4105 magnum
2183 4044 2414 4100 oculum
2450 4049 2726 4118 efficiunt,

438 4110 591 4163 inter
635 4127 783 4181 quas
828 4117 1079 4188 palmes3
1127 4123 1183 4176 in
1218 4126 1400 4180 altero
1437 4127 1615 4185 latere
1650 4134 1958 4205 DionysuS.
2048 4142 2203 4197 Brilt.
2235 4147 2378 4202 Mne.
2415 4150 2726 4223 Catalogue

441 4226 499 4280 p.
554 4214 648 4267 43.
700 4231 756 4269 n.
811 4220 972 4288 4483
1043 4223 1196 4278 inter
1241 4227 1453 4296 figuras
1499 4232 1776 4291 Bacchias
1822 4239 2028 4296 Gerh.
2077 4243 2301 4303 Auserl.
2350 4251 2595 4308 Vasenb.
2659 4258 2724 4312 Il.

435 4311 550 4368 tab.
599 4316 890 4375 CLXXXV.
