2970 5100
1305 448 1401 519 45

208 655 324 726 bio
394 656 460 724 in
533 654 1023 726 certaminibus
1078 653 1537 746 depingendis
1602 651 1689 723 ad
1751 661 2174 721 mortuorum
2230 649 2496 718 animas

210 776 360 844 illas
428 774 772 867 pertinere
840 773 1300 843 demonstrari
1368 784 1591 864 potest
1633 770 1768 860 ²¹⁰),
1845 780 2031 841 certa
2104 782 2210 839 est
2290 770 2495 837 etiam

211 894 616 988 pertinentia
675 893 962 962 Bacchia
997 889 1130 984 ²¹¹);
1204 914 1484 984 prorsus
1540 893 1829 963 similem
1899 887 2234 970 formandi
2293 889 2498 956 ratio-

209 1035 368 1083 nem
425 1010 683 1081 habent
736 1013 1077 1106 Harpyiae
1104 1008 1237 1100 ²¹²),
1323 1033 1549 1102 neque
1615 1014 1684 1083 in
1756 1011 1983 1080 multis
2049 1009 2179 1077 illis
2236 1007 2495 1077 veteris

209 1133 345 1203 stili
400 1152 724 1201 vasorum
777 1132 1191 1222 imaginibus
1246 1133 1487 1221 longas
1542 1131 1771 1200 avium
1831 1129 2051 1199 series
2106 1125 2496 1197 exhibenti-

210 1251 343 1322 bus
368 1246 468 1342 l¹³)
539 1271 619 1320 ea
685 1271 862 1341 quae
936 1271 1144 1343 saepe
1215 1251 1391 1320 inter
1456 1251 1607 1320 illas
1674 1271 1829 1320 cum
1901 1246 2125 1339 capite
2193 1246 2495 1315 femineo

209 1370 635 1464 conspicitur
688 1370 839 1439 avis
897 1371 1110 1460 magis
1168 1370 1339 1439 iusta
1408 1390 1613 1467 causa
1686 1368 1770 1438 ad
1839 1387 2041 1436 unam
2097 1387 2189 1436 ex
2242 1365 2498 1434 Sireni-

212 1490 343 1560 bus
400 1490 646 1560 referri
702 1487 977 1559 videtur
1033 1511 1258 1581 posse.
1387 1491 1534 1559 Non
1590 1487 1703 1557 hic
1756 1498 1861 1557 est
1917 1465 2109 1556 locus
2164 1507 2302 1577 quo
2364 1483 2499 1552 hoc

210 1621 426 1679 totum
479 1607 850 1700 figurarum
911 1609 1276 1677 mixtarum
1332 1630 1556 1698 genus
1610 1607 1696 1676 ad
1752 1604 2320 1698 disceptationem
2376 1625 2499 1672 vo-

208 1711 515 1809 cemuS,
562 1749 977 1818 quamquam
1045 1749 1123 1797 ea
1181 1728 1512 1796 eximium
1571 1726 2049 1797 delectationis
2099 1736 2306 1817 atque
2363 1724 2498 1793 for-

211 1860 398 1918 tasse
454 1848 661 1917 etiam
716 1848 979 1918 fructus
1030 1847 1416 1939 praebitura
1476 1847 1709 1916 fuerit:
1768 1868 1853 1915 eo
1899 1867 2120 1936 usque
2170 1866 2283 1914 res
2332 1865 2497 1913 con-

210 1978 395 2038 stare
452 1965 613 2035 mihi
654 1967 936 2062 „videtur
970 1967 1152 2056 qnod
1201 1987 1525 2036 vasorum
1565 1965 1962 2035 vetustioris
2014 1965 2147 2035 stili
2199 1964 2498 2057 pictores

209 2089 280 2158 in
337 2098 640 2157 monstra
699 2086 923 2177 qualia
982 2097 1142 2173 sunt
1196 2087 1495 2166 Sirenes,
1556 2085 1917 2178 Harpyiae,
1977 2085 2249 2176 lynges‚
2308 2081 2499 2151 Cele-

209 2207 455 2284 dones‚
509 2206 910 2297 similesque
945 2204 1321 2276 daemonas
1363 2206 1696 2275 obscuras
1740 2204 2011 2274 unicam
2054 2199 2355 2292 fingendi
2395 2221 2499 2269 ra-

211 2327 494 2404 tionem,
556 2335 625 2394 ut
663 2346 832 2394 aves
870 2347 1025 2394 cum
1066 2325 1288 2417 capite
1330 2323 1625 2393 humano
1671 2325 2067 2402 formarent,
2126 2341 2510 2414 usurpasse,

214 2455 282 2516 et
341 2442 844 2538 spectatoribus
899 2465 938 2512 e
993 2454 1130 2512 tota
1186 2444 1509 2534 imagine,
1559 2444 1923 2524 attributis,
1981 2443 2092 2512 vel
2150 2441 2290 2510 oris
2348 2463 2499 2511 cor-

217 2566 549 2659 porisque
622 2562 933 2654 gestibus
1007 2564 1426 2654 singularum
1502 2563 1880 2655 effigierum
1959 2558 2499 2652 significationes

213 2682 727 2775 dignoscendas
777 2682 1141 2772 reliquisse
1195 2683 1541 2753 iudicandi
1590 2693 1746 2753 sunt
1765 2714 1781 2767 3
1832 2703 2041 2773 quem
2085 2680 2170 2750 ad
2220 2681 2499 2751 modum

214 2804 495 2874 Sirenes
549 2811 618 2871 et
664 2802 909 2896 Ulysse
954 2803 1244 2873 formato
1286 2813 1354 2873 et
1399 2802 1871 2872 instrumentis
1916 2801 2196 2872 musicis
2224 2797 2320 2891 ¹³4)
2365 2811 2494 2870 etc.

212 2922 526 3001 adiectis,
584 2932 701 2991 aut
752 2933 824 2990 ut
878 2921 1165 2992 naeniae
1210 2922 1549 2993 cantrices
1600 2921 1888 3015 ploranti
1931 2932 2132 3011 gestu
2171 2921 2498 3011 insignie-

216 3043 489 3111 bantur.
622 3041 858 3124 Qualia
913 3042 1233 3111 attributa
1292 3041 1405 3111 ubi
1476 3043 1766 3134 primum
1834 3040 2064 3110 addita
2133 3052 2292 3111 sunt
2368 3040 2498 3110 illis

210 3161 449 3254 figuris
510 3171 783 3255 praeter
835 3171 1038 3253 caput
1085 3159 1460 3230 humanum
1522 3158 1800 3231 brachia
1866 3181 2145 3251 quoque
2217 3172 2286 3232 et
2360 3182 2499 3229 ma-

213 3305 390 3361 nus,
458 3281 570 3352 vel
635 3281 837 3350 etiam
897 3281 1161 3370 integre
1218 3279 1513 3350 humana
1571 3281 1888 3373 superior
1951 3280 2261 3371 corporis
2316 3301 2497 3372 parS,

211 3400 464 3471 tributa
521 3423 683 3471 esse
738 3401 981 3471 solent.
1091 3401 1295 3492 Atqui
1351 3421 1689 3494 persaepe
1743 3397 1955 3468 nihilo
2014 3398 2236 3467 minus
2295 3399 2500 3467 inter-

211 3521 667 3615 pretationem
733 3520 1079 3613 impetrari
1150 3542 1287 3590 non
1358 3541 1564 3613 posse
1625 3540 1846 3609 aeque
1913 3516 2304 3607 negandum
2363 3540 2498 3586 non

211 3651 323 3709 est
373 3650 582 3730 atque
639 3658 974 3733 persaepe
1038 3648 1226 3710 certe
1291 3636 1569 3709 fictores
1636 3639 1814 3707 illam
1872 3637 2238 3727 imaginem
2297 3636 2501 3706 valde

213 3762 529 3829 usitatam
603 3760 781 3828 inter
846 3759 1014 3828 alias
1086 3759 1458 3828 bestiarum
1523 3756 1777 3848 figuras
1840 3757 1990 3842 sine
2049 3776 2172 3825 sua
2231 3757 2500 3848 propria

208 3877 710 3969 significatione
755 3879 1227 3962 inseruerunt3
1286 3901 1529 3947 verum
1577 3900 1713 3946 non
1766 3876 1991 3945 minus
2042 3885 2230 3944 certe
2279 3875 2342 3943 in
2387 3876 2496 3943 illa

206 3996 581 4088 figurarum
635 3997 1141 4091 compositione
1201 4019 1536 4091 persaepe
1592 3998 1797 4067 etiam
1855 3994 2234 4089 symbolica
2293 3995 2501 4085 signi-

205 4115 438 4189 ficatio
496 4116 845 4189 cernenda
897 4117 1048 4187 erit.

419 4240 559 4307 lam
615 4246 843 4307 autem
901 4237 1107 4307 etiam
1168 4238 1234 4305 in
1293 4236 1534 4307 Graeis
1589 4234 2007 4315 formandis,
2081 4257 2154 4304 re
2213 4257 2336 4329 per
2391 4258 2501 4307 me

204 4360 366 4429 licet
433 4354 726 4439 difficili,
804 4358 1004 4429 facile
1079 4354 1355 4426 fictores
1431 4354 1559 4426 bac
1636 4356 1699 4424 in
1775 4355 1857 4426 iis
1935 4376 2115 4447 quae
2188 4356 2502 4427 similiter
