<?xml version="1.0" encoding="UTF-8"?>
<!DOCTYPE html PUBLIC "-//W3C//DTD XHTML 1.0 Transitional//EN"
    "http://www.w3.org/TR/xhtml1/DTD/xhtml1-transitional.dtd">
<html xmlns="http://www.w3.org/1999/xhtml" xml:lang="en" lang="en">
 <head>
  <title>
</title>
<meta http-equiv="Content-Type" content="text/html;charset=utf-8" />
  <meta name='ocr-system' content='tesseract 3.04.00' />
  <meta name='ocr-capabilities' content='ocr_page ocr_carea ocr_par ocr_line ocrx_word'/>
</head>
<body>
  <div class='ocr_page' id='page_1' title='image "./degraeis00gaedgoog_0026.png"; bbox 0 0 2970 5100; ppageno 0'>
   <div class='ocr_carea' id='block_1_1' title="bbox 1622 450 1713 521">
    <p class='ocr_par' dir='ltr' id='par_1_1' title="bbox 1622 450 1713 521">
     <span class='ocr_line' id='line_1_1' title="bbox 1622 450 1713 521; baseline 0.011 -1"><span class='ocrx_word' id='word_1_1' title='bbox 1622 450 1713 521; x_wconf 83' lang='lat'><strong>18</strong></span> 
     </span>
    </p>
   </div>
   <div class='ocr_carea' id='block_1_2' title="bbox 516 653 2823 4469">
    <p class='ocr_par' dir='ltr' id='par_1_2' title="bbox 517 653 2822 4079">
     <span class='ocr_line' id='line_1_2' title="bbox 532 653 2805 752; baseline -0.002 -23"><span class='ocrx_word' id='word_1_2' title='bbox 532 680 741 752; x_wconf 91' lang='lat' dir='ltr'><strong>opere</strong></span> <span class='ocrx_word' id='word_1_3' title='bbox 807 656 1099 747; x_wconf 85' lang='lat' dir='ltr'>exsequi</span> <span class='ocrx_word' id='word_1_4' title='bbox 1174 656 1598 750; x_wconf 89' lang='lat' dir='ltr'><strong>propositum</strong></span> <span class='ocrx_word' id='word_1_5' title='bbox 1654 653 1921 739; x_wconf 82' lang='lat' dir='ltr'><strong>habe03</strong></span> <span class='ocrx_word' id='word_1_6' title='bbox 2002 654 2114 725; x_wconf 90' lang='lat' dir='ltr'><strong>hic</strong></span> <span class='ocrx_word' id='word_1_7' title='bbox 2169 676 2346 746; x_wconf 88' lang='lat' dir='ltr'><strong>quae</strong></span> <span class='ocrx_word' id='word_1_8' title='bbox 2404 677 2615 750; x_wconf 90' lang='lat' dir='ltr'><strong>saepe</strong></span> <span class='ocrx_word' id='word_1_9' title='bbox 2669 656 2805 726; x_wconf 90' lang='lat' dir='ltr'><strong>iam</strong></span> 
     </span>
     <span class='ocr_line' id='line_1_3' title="bbox 534 771 2809 871; baseline -0.001 -23"><span class='ocrx_word' id='word_1_10' title='bbox 534 777 815 871; x_wconf 87' lang='lat' dir='ltr'><strong>repetita</strong></span> <span class='ocrx_word' id='word_1_11' title='bbox 881 786 1038 846; x_wconf 86' lang='lat' dir='ltr'><strong>sunt</strong></span> <span class='ocrx_word' id='word_1_12' title='bbox 1108 776 1408 847; x_wconf 89' lang='lat' dir='ltr'><strong>indicare</strong></span> <span class='ocrx_word' id='word_1_13' title='bbox 1483 771 1810 855; x_wconf 83' lang='lat' dir='ltr'><strong>sufficiat,</strong></span> <span class='ocrx_word' id='word_1_14' title='bbox 1896 774 2144 844; x_wconf 88' lang='lat' dir='ltr'><strong>nullam</strong></span> <span class='ocrx_word' id='word_1_15' title='bbox 2224 797 2452 845; x_wconf 88' lang='lat' dir='ltr'><strong>rerum</strong></span> <span class='ocrx_word' id='word_1_16' title='bbox 2523 787 2809 846; x_wconf 87' lang='lat' dir='ltr'><strong>naturae</strong></span> 
     </span>
     <span class='ocr_line' id='line_1_4' title="bbox 533 894 2811 991; baseline 0 -26"><span class='ocrx_word' id='word_1_17' title='bbox 533 909 789 991; x_wconf 89' lang='lat' dir='ltr'><strong>partem</strong></span> <span class='ocrx_word' id='word_1_18' title='bbox 838 919 924 965; x_wconf 91' lang='lat' dir='ltr'><strong>ne</strong></span> <span class='ocrx_word' id='word_1_19' title='bbox 966 894 1198 966; x_wconf 90' lang='lat' dir='ltr'><strong>hebeti</strong></span> <span class='ocrx_word' id='word_1_20' title='bbox 1254 894 1535 986; x_wconf 91' lang='lat' dir='ltr'><strong>quidem</strong></span> <span class='ocrx_word' id='word_1_21' title='bbox 1585 895 1818 965; x_wconf 92' lang='lat' dir='ltr'><strong>sensui</strong></span> <span class='ocrx_word' id='word_1_22' title='bbox 1875 905 2008 963; x_wconf 89' lang='lat' dir='ltr'><strong>tam</strong></span> <span class='ocrx_word' id='word_1_23' title='bbox 2062 894 2382 963; x_wconf 79' lang='lat' dir='ltr'><strong>refertam</strong></span> <span class='ocrx_word' id='word_1_24' title='bbox 2437 917 2594 966; x_wconf 89' lang='lat' dir='ltr'><strong>esse</strong></span> <span class='ocrx_word' id='word_1_25' title='bbox 2641 895 2811 966; x_wconf 89' lang='lat' dir='ltr'><strong>deo-</strong></span> 
     </span>
     <span class='ocr_line' id='line_1_5' title="bbox 530 1013 2810 1106; baseline -0 -20"><span class='ocrx_word' id='word_1_26' title='bbox 530 1039 678 1086; x_wconf 90' lang='lat' dir='ltr'><strong>rum</strong></span> <span class='ocrx_word' id='word_1_27' title='bbox 716 1014 1111 1085; x_wconf 87' lang='lat' dir='ltr'><strong>numinibus</strong></span> <span class='ocrx_word' id='word_1_28' title='bbox 1152 1035 1356 1106; x_wconf 90' lang='lat' dir='ltr'><strong>quam</strong></span> <span class='ocrx_word' id='word_1_29' title='bbox 1399 1035 1610 1095; x_wconf 90' lang='lat' dir='ltr'><strong>mare,</strong></span> <span class='ocrx_word' id='word_1_30' title='bbox 1667 1013 1917 1084; x_wconf 91' lang='lat' dir='ltr'><strong>nullius</strong></span> <span class='ocrx_word' id='word_1_31' title='bbox 1959 1013 2237 1103; x_wconf 90' lang='lat' dir='ltr'><strong>generis</strong></span> <span class='ocrx_word' id='word_1_32' title='bbox 2274 1013 2613 1096; x_wconf 90' lang='lat' dir='ltr'><strong>homines,</strong></span> <span class='ocrx_word' id='word_1_33' title='bbox 2669 1036 2810 1085; x_wconf 87' lang='lat' dir='ltr'><strong>ma-</strong></span> 
     </span>
     <span class='ocr_line' id='line_1_6' title="bbox 530 1133 2811 1227; baseline 0 -23"><span class='ocrx_word' id='word_1_34' title='bbox 530 1136 718 1204; x_wconf 83' lang='lat' dir='ltr'><strong>xime</strong></span> <span class='ocrx_word' id='word_1_35' title='bbox 788 1136 855 1203; x_wconf 94' lang='lat' dir='ltr'><strong>in</strong></span> <span class='ocrx_word' id='word_1_36' title='bbox 924 1135 1320 1227; x_wconf 80' lang='lat' dir='ltr'><strong>imperfecta</strong></span> <span class='ocrx_word' id='word_1_37' title='bbox 1393 1133 1848 1224; x_wconf 87' lang='lat' dir='ltr'><strong>navigationis</strong></span> <span class='ocrx_word' id='word_1_38' title='bbox 1912 1133 2237 1215; x_wconf 88' lang='lat' dir='ltr'><strong>scientia,</strong></span> <span class='ocrx_word' id='word_1_39' title='bbox 2312 1143 2446 1203; x_wconf 92' lang='lat' dir='ltr'><strong>tam</strong></span> <span class='ocrx_word' id='word_1_40' title='bbox 2516 1137 2811 1204; x_wconf 85' lang='lat' dir='ltr'><strong>naturali</strong></span> 
     </span>
     <span class='ocr_line' id='line_1_7' title="bbox 532 1253 2811 1349; baseline 0 -24"><span class='ocrx_word' id='word_1_41' title='bbox 532 1255 874 1349; x_wconf 86' lang='lat' dir='ltr'><strong>potentiae</strong></span> <span class='ocrx_word' id='word_1_42' title='bbox 943 1253 1288 1324; x_wconf 88' lang='lat' dir='ltr'><strong>obnoxios</strong></span> <span class='ocrx_word' id='word_1_43' title='bbox 1352 1264 1630 1344; x_wconf 88' lang='lat' dir='ltr'><strong>tamque</strong></span> <span class='ocrx_word' id='word_1_44' title='bbox 1682 1275 1766 1323; x_wconf 91' lang='lat' dir='ltr'><strong>eo</strong></span> <span class='ocrx_word' id='word_1_45' title='bbox 1824 1253 1972 1346; x_wconf 92' lang='lat' dir='ltr'><strong>ipso</strong></span> <span class='ocrx_word' id='word_1_46' title='bbox 2039 1253 2124 1324; x_wconf 91' lang='lat' dir='ltr'><strong>ad</strong></span> <span class='ocrx_word' id='word_1_47' title='bbox 2180 1253 2467 1325; x_wconf 89' lang='lat' dir='ltr'><strong>deorum</strong></span> <span class='ocrx_word' id='word_1_48' title='bbox 2526 1254 2811 1326; x_wconf 89' lang='lat' dir='ltr'><strong>daemo-</strong></span> 
     </span>
     <span class='ocr_line' id='line_1_8' title="bbox 528 1373 2812 1467; baseline 0.001 -24"><span class='ocrx_word' id='word_1_49' title='bbox 528 1396 829 1465; x_wconf 82' lang='lat' dir='ltr'><strong>numque</strong></span> <span class='ocrx_word' id='word_1_50' title='bbox 883 1374 1276 1467; x_wconf 82' lang='lat' dir='ltr'><strong>opinionem</strong></span> <span class='ocrx_word' id='word_1_51' title='bbox 1346 1394 1732 1467; x_wconf 87' lang='lat' dir='ltr'><strong>propensos</strong></span> <span class='ocrx_word' id='word_1_52' title='bbox 1790 1395 1948 1444; x_wconf 87' lang='lat' dir='ltr'><strong>esse</strong></span> <span class='ocrx_word' id='word_1_53' title='bbox 2019 1394 2222 1464; x_wconf 87' lang='lat' dir='ltr'><strong>quam</strong></span> <span class='ocrx_word' id='word_1_54' title='bbox 2295 1373 2671 1466; x_wconf 80' lang='lat' dir='ltr'><strong>piscatores</strong></span> <span class='ocrx_word' id='word_1_55' title='bbox 2725 1396 2812 1445; x_wconf 93' lang='lat' dir='ltr'><strong>ac</strong></span> 
     </span>
     <span class='ocr_line' id='line_1_9' title="bbox 526 1493 2811 1585; baseline 0.001 -22"><span class='ocrx_word' id='word_1_56' title='bbox 526 1505 805 1575; x_wconf 84' lang='lat' dir='ltr'><strong>nautas,</strong></span> <span class='ocrx_word' id='word_1_57' title='bbox 877 1493 1180 1584; x_wconf 90' lang='lat' dir='ltr'><strong>denique</strong></span> <span class='ocrx_word' id='word_1_58' title='bbox 1236 1493 1300 1562; x_wconf 93' lang='lat' dir='ltr'><strong>in</strong></span> <span class='ocrx_word' id='word_1_59' title='bbox 1362 1493 1598 1585; x_wconf 89' lang='lat' dir='ltr'><strong>primis</strong></span> <span class='ocrx_word' id='word_1_60' title='bbox 1653 1493 2092 1584; x_wconf 78' lang='lat' dir='ltr'><strong>navigatores</strong></span> <span class='ocrx_word' id='word_1_61' title='bbox 2147 1503 2211 1563; x_wconf 89' lang='lat' dir='ltr'><strong>et</strong></span> <span class='ocrx_word' id='word_1_62' title='bbox 2268 1493 2334 1562; x_wconf 94' lang='lat' dir='ltr'><strong>in</strong></span> <span class='ocrx_word' id='word_1_63' title='bbox 2395 1495 2811 1566; x_wconf 82' lang='lat' dir='ltr'><strong>necessitate</strong></span> 
     </span>
     <span class='ocr_line' id='line_1_10' title="bbox 525 1610 2805 1706; baseline 0 -23"><span class='ocrx_word' id='word_1_64' title='bbox 525 1613 820 1706; x_wconf 88' lang='lat' dir='ltr'><strong>quadam</strong></span> <span class='ocrx_word' id='word_1_65' title='bbox 851 1622 918 1683; x_wconf 92' lang='lat' dir='ltr'><strong>et</strong></span> <span class='ocrx_word' id='word_1_66' title='bbox 948 1612 1382 1684; x_wconf 83' lang='lat' dir='ltr'><strong>inclinatione</strong></span> <span class='ocrx_word' id='word_1_67' title='bbox 1408 1633 1570 1683; x_wconf 89' lang='lat' dir='ltr'><strong>esse</strong></span> <span class='ocrx_word' id='word_1_68' title='bbox 1606 1612 1870 1683; x_wconf 90' lang='lat' dir='ltr'><strong>alienos</strong></span> <span class='ocrx_word' id='word_1_69' title='bbox 1905 1613 2165 1705; x_wconf 90' lang='lat' dir='ltr'><strong>quique</strong></span> <span class='ocrx_word' id='word_1_70' title='bbox 2200 1610 2517 1685; x_wconf 82' lang='lat' dir='ltr'><strong>efficaces</strong></span> <span class='ocrx_word' id='word_1_71' title='bbox 2545 1615 2805 1705; x_wconf 80' lang='lat' dir='ltr'><strong>cogniti</strong></span> 
     </span>
     <span class='ocr_line' id='line_1_11' title="bbox 526 1731 2808 1828; baseline -0 -23"><span class='ocrx_word' id='word_1_72' title='bbox 526 1736 661 1805; x_wconf 90' lang='lat' dir='ltr'><strong>sint</strong></span> <span class='ocrx_word' id='word_1_73' title='bbox 713 1733 885 1805; x_wconf 89' lang='lat' dir='ltr'><strong>deos</strong></span> <span class='ocrx_word' id='word_1_74' title='bbox 938 1733 1209 1803; x_wconf 90' lang='lat' dir='ltr'><strong>colendi</strong></span> <span class='ocrx_word' id='word_1_75' title='bbox 1264 1755 1646 1824; x_wconf 90' lang='lat' dir='ltr'><strong>eorumque</strong></span> <span class='ocrx_word' id='word_1_76' title='bbox 1712 1733 1967 1803; x_wconf 90' lang='lat' dir='ltr'><strong>cultum</strong></span> <span class='ocrx_word' id='word_1_77' title='bbox 2034 1731 2315 1802; x_wconf 90' lang='lat' dir='ltr'><strong>domum</strong></span> <span class='ocrx_word' id='word_1_78' title='bbox 2383 1735 2808 1828; x_wconf 80' lang='lat' dir='ltr'><strong>asportandi.</strong></span> 
     </span>
     <span class='ocr_line' id='line_1_12' title="bbox 525 1852 2813 1947; baseline 0.001 -24"><span class='ocrx_word' id='word_1_79' title='bbox 525 1855 668 1924; x_wconf 91' lang='lat' dir='ltr'><strong>Hae</strong></span> <span class='ocrx_word' id='word_1_80' title='bbox 720 1876 874 1924; x_wconf 89' lang='lat' dir='ltr'><strong>cum</strong></span> <span class='ocrx_word' id='word_1_81' title='bbox 928 1853 1079 1924; x_wconf 88' lang='lat' dir='ltr'><strong>aliis</strong></span> <span class='ocrx_word' id='word_1_82' title='bbox 1132 1874 1384 1925; x_wconf 89' lang='lat' dir='ltr'><strong>causae</strong></span> <span class='ocrx_word' id='word_1_83' title='bbox 1438 1852 1822 1923; x_wconf 88' lang='lat' dir='ltr'><strong>effecerunt</strong></span> <span class='ocrx_word' id='word_1_84' title='bbox 1884 1863 1956 1923; x_wconf 90' lang='lat' dir='ltr'><strong>ut</strong></span> <span class='ocrx_word' id='word_1_85' title='bbox 2011 1854 2408 1947; x_wconf 87' lang='lat' dir='ltr'><strong>Neptunus,</strong></span> <span class='ocrx_word' id='word_1_86' title='bbox 2485 1854 2603 1944; x_wconf 91' lang='lat' dir='ltr'><strong>qui</strong></span> <span class='ocrx_word' id='word_1_87' title='bbox 2658 1866 2813 1925; x_wconf 87' lang='lat' dir='ltr'><strong>erat</strong></span> 
     </span>
     <span class='ocr_line' id='line_1_13' title="bbox 525 1972 2812 2053; baseline -0 -9"><span class='ocrx_word' id='word_1_88' title='bbox 525 1985 877 2053; x_wconf 88' lang='lat' dir='ltr'><strong>externus,</strong></span> <span class='ocrx_word' id='word_1_89' title='bbox 933 1973 1350 2045; x_wconf 90' lang='lat' dir='ltr'><strong>Graecorum</strong></span> <span class='ocrx_word' id='word_1_90' title='bbox 1406 1972 1695 2043; x_wconf 90' lang='lat' dir='ltr'><strong>deorum</strong></span> <span class='ocrx_word' id='word_1_91' title='bbox 1752 1973 1976 2043; x_wconf 90' lang='lat' dir='ltr'><strong>coetui</strong></span> <span class='ocrx_word' id='word_1_92' title='bbox 2026 1973 2448 2043; x_wconf 86' lang='lat' dir='ltr'><strong>insereretur</strong></span> <span class='ocrx_word' id='word_1_93' title='bbox 2498 1973 2812 2044; x_wconf 91' lang='lat' dir='ltr'><strong>tandem-</strong></span> 
     </span>
     <span class='ocr_line' id='line_1_14' title="bbox 524 2092 2811 2188; baseline 0 -25"><span class='ocrx_word' id='word_1_94' title='bbox 524 2117 662 2186; x_wconf 88' lang='lat' dir='ltr'><strong>que</strong></span> <span class='ocrx_word' id='word_1_95' title='bbox 716 2092 1053 2188; x_wconf 88' lang='lat' dir='ltr'><strong>superatis</strong></span> <span class='ocrx_word' id='word_1_96' title='bbox 1109 2093 1353 2187; x_wconf 88' lang='lat' dir='ltr'><strong>priscis</strong></span> <span class='ocrx_word' id='word_1_97' title='bbox 1411 2092 1812 2162; x_wconf 89' lang='lat' dir='ltr'><strong>numinibus</strong></span> <span class='ocrx_word' id='word_1_98' title='bbox 1866 2092 2015 2186; x_wconf 90' lang='lat' dir='ltr'><strong>ipse</strong></span> <span class='ocrx_word' id='word_1_99' title='bbox 2072 2093 2138 2164; x_wconf 93' lang='lat' dir='ltr'><strong>in</strong></span> <span class='ocrx_word' id='word_1_100' title='bbox 2196 2093 2465 2187; x_wconf 89' lang='lat' dir='ltr'><strong>imperii</strong></span> <span class='ocrx_word' id='word_1_101' title='bbox 2515 2094 2811 2184; x_wconf 87' lang='lat' dir='ltr'><strong>gradum</strong></span> 
     </span>
     <span class='ocr_line' id='line_1_15' title="bbox 524 2212 2814 2306; baseline 0 -23"><span class='ocrx_word' id='word_1_102' title='bbox 524 2212 956 2284; x_wconf 88' lang='lat' dir='ltr'><strong>escenderet.</strong></span> <span class='ocrx_word' id='word_1_103' title='bbox 1078 2213 1148 2282; x_wconf 87' lang='lat' dir='ltr'><strong>In</strong></span> <span class='ocrx_word' id='word_1_104' title='bbox 1217 2212 1496 2283; x_wconf 87' lang='lat' dir='ltr'><strong>marinis</strong></span> <span class='ocrx_word' id='word_1_105' title='bbox 1570 2223 1796 2284; x_wconf 90' lang='lat' dir='ltr'><strong>autem</strong></span> <span class='ocrx_word' id='word_1_106' title='bbox 1875 2212 2118 2306; x_wconf 89' lang='lat' dir='ltr'><strong>priscis</strong></span> <span class='ocrx_word' id='word_1_107' title='bbox 2193 2212 2324 2283; x_wconf 92' lang='lat' dir='ltr'><strong>diis</strong></span> <span class='ocrx_word' id='word_1_108' title='bbox 2399 2213 2467 2284; x_wconf 89' lang='lat' dir='ltr'><strong>id</strong></span> <span class='ocrx_word' id='word_1_109' title='bbox 2534 2215 2814 2286; x_wconf 85' lang='lat' dir='ltr'><strong>exsistit</strong></span> 
     </span>
     <span class='ocr_line' id='line_1_16' title="bbox 523 2331 2809 2428; baseline 0.001 -27"><span class='ocrx_word' id='word_1_110' title='bbox 523 2331 708 2424; x_wconf 93' lang='lat' dir='ltr'><strong>quod</strong></span> <span class='ocrx_word' id='word_1_111' title='bbox 766 2352 898 2402; x_wconf 86' lang='lat' dir='ltr'><strong>una</strong></span> <span class='ocrx_word' id='word_1_112' title='bbox 966 2352 1241 2423; x_wconf 90' lang='lat' dir='ltr'><strong>quaque</strong></span> <span class='ocrx_word' id='word_1_113' title='bbox 1307 2333 1856 2424; x_wconf 88' lang='lat' dir='ltr'><strong>regum-familia</strong></span> <span class='ocrx_word' id='word_1_114' title='bbox 1932 2332 2020 2403; x_wconf 91' lang='lat' dir='ltr'><strong>de</strong></span> <span class='ocrx_word' id='word_1_115' title='bbox 2095 2333 2470 2428; x_wconf 89' lang='lat' dir='ltr'><strong>principatu</strong></span> <span class='ocrx_word' id='word_1_116' title='bbox 2533 2334 2809 2406; x_wconf 87' lang='lat' dir='ltr'><strong>deiecta</strong></span> 
     </span>
     <span class='ocr_line' id='line_1_17' title="bbox 531 2450 2812 2548; baseline 0.002 -28"><span class='ocrx_word' id='word_1_117' title='bbox 531 2452 746 2545; x_wconf 87' lang='lat' dir='ltr'><strong>repeti</strong></span> <span class='ocrx_word' id='word_1_118' title='bbox 787 2450 1106 2521; x_wconf 88' lang='lat' dir='ltr'><strong>videmus</strong></span> <span class='ocrx_word' id='word_1_119' title='bbox 1146 2450 1211 2519; x_wconf 87' lang='lat' dir='ltr'><strong>in</strong></span> <span class='ocrx_word' id='word_1_120' title='bbox 1258 2461 1457 2532; x_wconf 87' lang='lat' dir='ltr'><strong>terra,</strong></span> <span class='ocrx_word' id='word_1_121' title='bbox 1518 2462 1589 2522; x_wconf 92' lang='lat' dir='ltr'><strong>ut</strong></span> <span class='ocrx_word' id='word_1_122' title='bbox 1635 2462 1910 2524; x_wconf 89' lang='lat' dir='ltr'><strong>veteres</strong></span> <span class='ocrx_word' id='word_1_123' title='bbox 1966 2453 2306 2545; x_wconf 80' lang='lat' dir='ltr'><strong>legitimae</strong></span> <span class='ocrx_word' id='word_1_124' title='bbox 2361 2453 2812 2548; x_wconf 88' lang='lat' dir='ltr'><strong>locupletium</strong></span> 
     </span>
     <span class='ocr_line' id='line_1_18' title="bbox 526 2572 2815 2667; baseline 0.001 -24"><span class='ocrx_word' id='word_1_125' title='bbox 526 2582 769 2663; x_wconf 90' lang='lat' dir='ltr'><strong>gentes</strong></span> <span class='ocrx_word' id='word_1_126' title='bbox 832 2573 896 2642; x_wconf 93' lang='lat' dir='ltr'><strong>in</strong></span> <span class='ocrx_word' id='word_1_127' title='bbox 964 2572 1323 2664; x_wconf 89' lang='lat' dir='ltr'><strong>opulentas</strong></span> <span class='ocrx_word' id='word_1_128' title='bbox 1387 2593 1552 2643; x_wconf 87' lang='lat' dir='ltr'><strong>suas</strong></span> <span class='ocrx_word' id='word_1_129' title='bbox 1619 2574 2100 2667; x_wconf 88' lang='lat' dir='ltr'><strong>possessiones</strong></span> <span class='ocrx_word' id='word_1_130' title='bbox 2175 2574 2542 2655; x_wconf 88' lang='lat' dir='ltr'><strong>recedant,</strong></span> <span class='ocrx_word' id='word_1_131' title='bbox 2623 2576 2815 2647; x_wconf 91' lang='lat' dir='ltr'><strong>nulla</strong></span> 
     </span>
     <span class='ocr_line' id='line_1_19' title="bbox 524 2691 2816 2789; baseline 0.002 -27"><span class='ocrx_word' id='word_1_132' title='bbox 524 2695 654 2762; x_wconf 90' lang='lat' dir='ltr'><strong>iam</strong></span> <span class='ocrx_word' id='word_1_133' title='bbox 711 2715 801 2763; x_wconf 92' lang='lat' dir='ltr'><strong>ex</strong></span> <span class='ocrx_word' id='word_1_134' title='bbox 860 2700 1047 2786; x_wconf 87' lang='lat' dir='ltr'><strong>parte</strong></span> <span class='ocrx_word' id='word_1_135' title='bbox 1112 2691 1238 2785; x_wconf 91' lang='lat' dir='ltr'><strong>ipsi</strong></span> <span class='ocrx_word' id='word_1_136' title='bbox 1297 2692 1817 2784; x_wconf 86' lang='lat' dir='ltr'><strong>gubernationis</strong></span> <span class='ocrx_word' id='word_1_137' title='bbox 1871 2695 1981 2764; x_wconf 90' lang='lat' dir='ltr'><strong>vel</strong></span> <span class='ocrx_word' id='word_1_138' title='bbox 2047 2694 2470 2764; x_wconf 84' lang='lat' dir='ltr'><strong>fortunarum</strong></span> <span class='ocrx_word' id='word_1_139' title='bbox 2543 2696 2816 2789; x_wconf 85' lang='lat' dir='ltr'><strong>patriae</strong></span> 
     </span>
     <span class='ocr_line' id='line_1_20' title="bbox 526 2811 2817 2911; baseline 0.001 -28"><span class='ocrx_word' id='word_1_140' title='bbox 526 2812 802 2905; x_wconf 89' lang='lat' dir='ltr'><strong>agendo</strong></span> <span class='ocrx_word' id='word_1_141' title='bbox 844 2811 1242 2905; x_wconf 87' lang='lat' dir='ltr'><strong>participes:</strong></span> <span class='ocrx_word' id='word_1_142' title='bbox 1305 2813 1529 2884; x_wconf 93' lang='lat' dir='ltr'><strong>otiose</strong></span> <span class='ocrx_word' id='word_1_143' title='bbox 1573 2813 1854 2905; x_wconf 87' lang='lat' dir='ltr'><strong>degunt,</strong></span> <span class='ocrx_word' id='word_1_144' title='bbox 1907 2812 2446 2907; x_wconf 87' lang='lat' dir='ltr'><strong>copiosisbonis</strong></span> <span class='ocrx_word' id='word_1_145' title='bbox 2492 2817 2817 2911; x_wconf 90' lang='lat' dir='ltr'><strong>copiosa-</strong></span> 
     </span>
     <span class='ocr_line' id='line_1_21' title="bbox 529 2930 2814 3032; baseline 0.002 -29"><span class='ocrx_word' id='word_1_146' title='bbox 529 2955 665 3025; x_wconf 88' lang='lat' dir='ltr'><strong>que</strong></span> <span class='ocrx_word' id='word_1_147' title='bbox 724 2930 1154 3025; x_wconf 88' lang='lat' dir='ltr'><strong>experientia</strong></span> <span class='ocrx_word' id='word_1_148' title='bbox 1207 2933 1553 3014; x_wconf 83' lang='lat' dir='ltr'><strong>fruenteS,</strong></span> <span class='ocrx_word' id='word_1_149' title='bbox 1627 2954 1666 3001; x_wconf 87' lang='lat' dir='ltr'><strong>a</strong></span> <span class='ocrx_word' id='word_1_150' title='bbox 1738 2932 2068 3027; x_wconf 84' lang='lat' dir='ltr'><strong>proximis</strong></span> <span class='ocrx_word' id='word_1_151' title='bbox 2127 2934 2295 3032; x_wconf 84' lang='lat' dir='ltr'><strong>culti</strong></span> <span class='ocrx_word' id='word_1_152' title='bbox 2353 2936 2814 3029; x_wconf 88' lang='lat' dir='ltr'><strong>spectatique,</strong></span> 
     </span>
     <span class='ocr_line' id='line_1_22' title="bbox 523 3050 2816 3144; baseline 0.001 -21"><span class='ocrx_word' id='word_1_153' title='bbox 523 3052 757 3123; x_wconf 90' lang='lat' dir='ltr'><strong>divitis</strong></span> <span class='ocrx_word' id='word_1_154' title='bbox 814 3050 1024 3144; x_wconf 89' lang='lat' dir='ltr'><strong>prolis</strong></span> <span class='ocrx_word' id='word_1_155' title='bbox 1079 3050 1248 3121; x_wconf 90' lang='lat' dir='ltr'><strong>flore</strong></span> <span class='ocrx_word' id='word_1_156' title='bbox 1303 3052 1724 3141; x_wconf 86' lang='lat' dir='ltr'><strong>gaudentes;</strong></span> <span class='ocrx_word' id='word_1_157' title='bbox 1804 3052 1860 3123; x_wconf 89' lang='lat' dir='ltr'><strong>si</strong></span> <span class='ocrx_word' id='word_1_158' title='bbox 1915 3054 2090 3123; x_wconf 86' lang='lat' dir='ltr'><strong>forte</strong></span> <span class='ocrx_word' id='word_1_159' title='bbox 2148 3076 2257 3125; x_wconf 92' lang='lat' dir='ltr'><strong>res</strong></span> <span class='ocrx_word' id='word_1_160' title='bbox 2312 3055 2399 3124; x_wconf 89' lang='lat' dir='ltr'><strong>ita</strong></span> <span class='ocrx_word' id='word_1_161' title='bbox 2455 3056 2626 3125; x_wconf 88' lang='lat' dir='ltr'><strong>ferat</strong></span> <span class='ocrx_word' id='word_1_162' title='bbox 2684 3079 2816 3126; x_wconf 87' lang='lat' dir='ltr'><strong>ex-</strong></span> 
     </span>
     <span class='ocr_line' id='line_1_23' title="bbox 522 3170 2816 3267; baseline 0.003 -26"><span class='ocrx_word' id='word_1_163' title='bbox 522 3173 863 3243; x_wconf 84' lang='lat' dir='ltr'><strong>trinsecus</strong></span> <span class='ocrx_word' id='word_1_164' title='bbox 923 3170 1182 3263; x_wconf 87' lang='lat' dir='ltr'><strong>patriae</strong></span> <span class='ocrx_word' id='word_1_165' title='bbox 1237 3170 1541 3263; x_wconf 90' lang='lat' dir='ltr'><strong>periculo</strong></span> <span class='ocrx_word' id='word_1_166' title='bbox 1589 3172 2023 3253; x_wconf 87' lang='lat' dir='ltr'><strong>imminente,</strong></span> <span class='ocrx_word' id='word_1_167' title='bbox 2081 3174 2305 3244; x_wconf 89' lang='lat' dir='ltr'><strong>inviso</strong></span> <span class='ocrx_word' id='word_1_168' title='bbox 2356 3176 2506 3247; x_wconf 86' lang='lat' dir='ltr'><strong>eius</strong></span> <span class='ocrx_word' id='word_1_169' title='bbox 2561 3176 2682 3267; x_wconf 93' lang='lat' dir='ltr'><strong>qui</strong></span> <span class='ocrx_word' id='word_1_170' title='bbox 2739 3179 2816 3247; x_wconf 94' lang='lat' dir='ltr'><strong>vi</strong></span> 
     </span>
     <span class='ocr_line' id='line_1_24' title="bbox 518 3290 2817 3387; baseline 0.003 -25"><span class='ocrx_word' id='word_1_171' title='bbox 518 3291 731 3364; x_wconf 89' lang='lat' dir='ltr'><strong>rebus</strong></span> <span class='ocrx_word' id='word_1_172' title='bbox 787 3290 1040 3385; x_wconf 87' lang='lat' dir='ltr'><strong>potitus</strong></span> <span class='ocrx_word' id='word_1_173' title='bbox 1095 3301 1200 3360; x_wconf 91' lang='lat' dir='ltr'><strong>est</strong></span> <span class='ocrx_word' id='word_1_174' title='bbox 1267 3290 1552 3384; x_wconf 89' lang='lat' dir='ltr'><strong>imperio</strong></span> <span class='ocrx_word' id='word_1_175' title='bbox 1620 3292 1809 3362; x_wconf 90' lang='lat' dir='ltr'><strong>inviti</strong></span> <span class='ocrx_word' id='word_1_176' title='bbox 1877 3293 2395 3387; x_wconf 82' lang='lat' dir='ltr'><strong>obtemperant3</strong></span> <span class='ocrx_word' id='word_1_177' title='bbox 2472 3297 2817 3368; x_wconf 87' lang='lat' dir='ltr'><strong>noviores</strong></span> 
     </span>
     <span class='ocr_line' id='line_1_25' title="bbox 517 3410 2814 3505; baseline 0.002 -22"><span class='ocrx_word' id='word_1_178' title='bbox 517 3423 761 3505; x_wconf 88' lang='lat' dir='ltr'><strong>gentes</strong></span> <span class='ocrx_word' id='word_1_179' title='bbox 816 3410 965 3481; x_wconf 91' lang='lat' dir='ltr'><strong>sine</strong></span> <span class='ocrx_word' id='word_1_180' title='bbox 1022 3412 1468 3503; x_wconf 87' lang='lat' dir='ltr'><strong>repugnantia</strong></span> <span class='ocrx_word' id='word_1_181' title='bbox 1539 3412 1602 3481; x_wconf 92' lang='lat' dir='ltr'><strong>in</strong></span> <span class='ocrx_word' id='word_1_182' title='bbox 1678 3413 1840 3483; x_wconf 91' lang='lat' dir='ltr'><strong>novi</strong></span> <span class='ocrx_word' id='word_1_183' title='bbox 1911 3413 2095 3504; x_wconf 87' lang='lat' dir='ltr'><strong>regis</strong></span> <span class='ocrx_word' id='word_1_184' title='bbox 2167 3413 2396 3503; x_wconf 78' lang='lat' dir='ltr'><strong>i‘ugum</strong></span> <span class='ocrx_word' id='word_1_185' title='bbox 2452 3416 2814 3488; x_wconf 89' lang='lat' dir='ltr'><strong>cervicem</strong></span> 
     </span>
     <span class='ocr_line' id='line_1_26' title="bbox 517 3530 2816 3626; baseline 0.002 -23"><span class='ocrx_word' id='word_1_186' title='bbox 517 3533 800 3603; x_wconf 89' lang='lat' dir='ltr'><strong>flectunt</strong></span> <span class='ocrx_word' id='word_1_187' title='bbox 874 3530 1215 3621; x_wconf 88' lang='lat' dir='ltr'><strong>istumque</strong></span> <span class='ocrx_word' id='word_1_188' title='bbox 1285 3531 1387 3602; x_wconf 89' lang='lat' dir='ltr'><strong>sui</strong></span> <span class='ocrx_word' id='word_1_189' title='bbox 1456 3530 1717 3601; x_wconf 85' lang='lat' dir='ltr'><strong>arbitrii</strong></span> <span class='ocrx_word' id='word_1_190' title='bbox 1788 3532 2029 3626; x_wconf 89' lang='lat' dir='ltr'><strong>inopes</strong></span> <span class='ocrx_word' id='word_1_191' title='bbox 2097 3544 2515 3624; x_wconf 83' lang='lat' dir='ltr'><strong>sequuntur3</strong></span> <span class='ocrx_word' id='word_1_192' title='bbox 2601 3536 2816 3618; x_wconf 88' lang='lat' dir='ltr'><strong>aliae,</strong></span> 
     </span>
     <span class='ocr_line' id='line_1_27' title="bbox 519 3649 2819 3750; baseline 0.003 -29"><span class='ocrx_word' id='word_1_193' title='bbox 519 3673 697 3743; x_wconf 88' lang='lat' dir='ltr'><strong>quae</strong></span> <span class='ocrx_word' id='word_1_194' title='bbox 746 3671 972 3740; x_wconf 90' lang='lat' dir='ltr'><strong>neque</strong></span> <span class='ocrx_word' id='word_1_195' title='bbox 1026 3649 1237 3720; x_wconf 91' lang='lat' dir='ltr'><strong>otium</strong></span> <span class='ocrx_word' id='word_1_196' title='bbox 1289 3651 1469 3723; x_wconf 84' lang='lat' dir='ltr'><strong>ferre</strong></span> <span class='ocrx_word' id='word_1_197' title='bbox 1518 3674 1743 3743; x_wconf 91' lang='lat' dir='ltr'><strong>neque</strong></span> <span class='ocrx_word' id='word_1_198' title='bbox 1788 3673 1873 3722; x_wconf 93' lang='lat' dir='ltr'><strong>eo</strong></span> <span class='ocrx_word' id='word_1_199' title='bbox 1913 3652 2215 3722; x_wconf 89' lang='lat' dir='ltr'><strong>animum</strong></span> <span class='ocrx_word' id='word_1_200' title='bbox 2253 3651 2605 3726; x_wconf 85' lang='lat' dir='ltr'><strong>adducere</strong></span> <span class='ocrx_word' id='word_1_201' title='bbox 2643 3679 2819 3750; x_wconf 85' lang='lat' dir='ltr'><strong>pos·</strong></span> 
     </span>
     <span class='ocr_line' id='line_1_28' title="bbox 520 3770 2821 3865; baseline 0.002 -23"><span class='ocrx_word' id='word_1_202' title='bbox 520 3781 681 3842; x_wconf 91' lang='lat' dir='ltr'><strong>sunt</strong></span> <span class='ocrx_word' id='word_1_203' title='bbox 732 3780 805 3841; x_wconf 89' lang='lat' dir='ltr'><strong>ut</strong></span> <span class='ocrx_word' id='word_1_204' title='bbox 862 3770 951 3839; x_wconf 91' lang='lat' dir='ltr'><strong>illi</strong></span> <span class='ocrx_word' id='word_1_205' title='bbox 1007 3771 1346 3852; x_wconf 88' lang='lat' dir='ltr'><strong>serviant,</strong></span> <span class='ocrx_word' id='word_1_206' title='bbox 1405 3772 1514 3841; x_wconf 89' lang='lat' dir='ltr'><strong>vel</strong></span> <span class='ocrx_word' id='word_1_207' title='bbox 1576 3771 2039 3865; x_wconf 88' lang='lat' dir='ltr'><strong>impugnando</strong></span> <span class='ocrx_word' id='word_1_208' title='bbox 2092 3772 2199 3842; x_wconf 92' lang='lat' dir='ltr'><strong>vel</strong></span> <span class='ocrx_word' id='word_1_209' title='bbox 2260 3773 2624 3844; x_wconf 88' lang='lat' dir='ltr'><strong>renitendo</strong></span> <span class='ocrx_word' id='word_1_210' title='bbox 2685 3776 2821 3846; x_wconf 90' lang='lat' dir='ltr'><strong>ob-</strong></span> 
     </span>
     <span class='ocr_line' id='line_1_29' title="bbox 519 3891 2822 3986; baseline 0.002 -25"><span class='ocrx_word' id='word_1_211' title='bbox 519 3891 765 3961; x_wconf 90' lang='lat' dir='ltr'><strong>sistere</strong></span> <span class='ocrx_word' id='word_1_212' title='bbox 828 3901 1116 3983; x_wconf 87' lang='lat' dir='ltr'><strong>pergunt</strong></span> <span class='ocrx_word' id='word_1_213' title='bbox 1182 3902 1296 3961; x_wconf 89' lang='lat' dir='ltr'><strong>aut</strong></span> <span class='ocrx_word' id='word_1_214' title='bbox 1352 3901 1587 3962; x_wconf 87' lang='lat' dir='ltr'><strong>contra</strong></span> <span class='ocrx_word' id='word_1_215' title='bbox 1643 3891 1814 3961; x_wconf 90' lang='lat' dir='ltr'><strong>alios</strong></span> <span class='ocrx_word' id='word_1_216' title='bbox 1873 3893 2161 3986; x_wconf 90' lang='lat' dir='ltr'><strong>populos</strong></span> <span class='ocrx_word' id='word_1_217' title='bbox 2216 3894 2523 3985; x_wconf 88' lang='lat' dir='ltr'><strong>aliasque</strong></span> <span class='ocrx_word' id='word_1_218' title='bbox 2584 3897 2822 3966; x_wconf 84' lang='lat' dir='ltr'><strong>natio-</strong></span> 
     </span>
     <span class='ocr_line' id='line_1_30' title="bbox 518 4008 1036 4079; baseline 0.002 -1"><span class='ocrx_word' id='word_1_219' title='bbox 518 4029 644 4079; x_wconf 90' lang='lat' dir='ltr'><strong>nes</strong></span> <span class='ocrx_word' id='word_1_220' title='bbox 692 4008 1036 4079; x_wconf 88' lang='lat' dir='ltr'><strong>dimicant.</strong></span> 
     </span>
    </p>

    <p class='ocr_par' dir='ltr' id='par_1_3' title="bbox 516 4128 2823 4469">
     <span class='ocr_line' id='line_1_31' title="bbox 722 4128 2822 4212; baseline 0.004 -15"><span class='ocrx_word' id='word_1_221' title='bbox 722 4128 916 4199; x_wconf 90' lang='lat' dir='ltr'><strong>Haud</strong></span> <span class='ocrx_word' id='word_1_222' title='bbox 963 4129 1159 4200; x_wconf 84' lang='lat' dir='ltr'><strong>aliter</strong></span> <span class='ocrx_word' id='word_1_223' title='bbox 1204 4129 1298 4200; x_wconf 90' lang='lat' dir='ltr'><strong>dii</strong></span> <span class='ocrx_word' id='word_1_224' title='bbox 1345 4129 1624 4199; x_wconf 86' lang='lat' dir='ltr'><strong>marini:</strong></span> <span class='ocrx_word' id='word_1_225' title='bbox 1682 4130 1946 4200; x_wconf 89' lang='lat' dir='ltr'><strong>Nereus</strong></span> <span class='ocrx_word' id='word_1_226' title='bbox 1994 4132 2215 4212; x_wconf 88' lang='lat' dir='ltr'><strong>Doris,</strong></span> <span class='ocrx_word' id='word_1_227' title='bbox 2265 4131 2583 4202; x_wconf 87' lang='lat' dir='ltr'><strong>Oceanus</strong></span> <span class='ocrx_word' id='word_1_228' title='bbox 2624 4133 2822 4205; x_wconf 82' lang='lat' dir='ltr'><strong>Tbe-</strong></span> 
     </span>
     <span class='ocr_line' id='line_1_32' title="bbox 516 4246 2822 4344; baseline 0.004 -27"><span class='ocrx_word' id='word_1_229' title='bbox 516 4248 623 4327; x_wconf 83' lang='lat' dir='ltr'><strong>tis,</strong></span> <span class='ocrx_word' id='word_1_230' title='bbox 680 4246 984 4342; x_wconf 78' lang='lat' dir='ltr'><strong>Phorcys</strong></span> <span class='ocrx_word' id='word_1_231' title='bbox 1033 4249 1197 4320; x_wconf 89' lang='lat' dir='ltr'><strong>Ceto</strong></span> <span class='ocrx_word' id='word_1_232' title='bbox 1250 4249 1577 4342; x_wconf 86' lang='lat' dir='ltr'><strong>abrogata</strong></span> <span class='ocrx_word' id='word_1_233' title='bbox 1626 4250 1812 4320; x_wconf 92' lang='lat' dir='ltr'><strong>omni</strong></span> <span class='ocrx_word' id='word_1_234' title='bbox 1849 4252 2118 4322; x_wconf 91' lang='lat' dir='ltr'><strong>actione</strong></span> <span class='ocrx_word' id='word_1_235' title='bbox 2171 4253 2574 4344; x_wconf 84' lang='lat' dir='ltr'><strong>quiescunt3</strong></span> <span class='ocrx_word' id='word_1_236' title='bbox 2633 4254 2822 4326; x_wconf 87' lang='lat' dir='ltr'><strong>Pro-</strong></span> 
     </span>
     <span class='ocr_line' id='line_1_33' title="bbox 517 4367 2823 4469; baseline 0.004 -34"><span class='ocrx_word' id='word_1_237' title='bbox 517 4377 700 4447; x_wconf 77' lang='lat' dir='ltr'><strong>teuS,</strong></span> <span class='ocrx_word' id='word_1_238' title='bbox 773 4367 1001 4437; x_wconf 90' lang='lat' dir='ltr'><strong>Triton</strong></span> <span class='ocrx_word' id='word_1_239' title='bbox 1059 4377 1336 4461; x_wconf 86' lang='lat' dir='ltr'><strong>totaque</strong></span> <span class='ocrx_word' id='word_1_240' title='bbox 1404 4370 1511 4439; x_wconf 90' lang='lat' dir='ltr'><strong>illa</strong></span> <span class='ocrx_word' id='word_1_241' title='bbox 1569 4371 1865 4441; x_wconf 87' lang='lat' dir='ltr'><strong>societas</strong></span> <span class='ocrx_word' id='word_1_242' title='bbox 1927 4371 2272 4443; x_wconf 87' lang='lat' dir='ltr'><strong>ministros</strong></span> <span class='ocrx_word' id='word_1_243' title='bbox 2328 4394 2405 4442; x_wconf 93' lang='lat' dir='ltr'><strong>se</strong></span> <span class='ocrx_word' id='word_1_244' title='bbox 2458 4394 2619 4444; x_wconf 89' lang='lat' dir='ltr'><strong>esse</strong></span> <span class='ocrx_word' id='word_1_245' title='bbox 2687 4398 2823 4469; x_wconf 89' lang='lat' dir='ltr'><strong>pa-</strong></span> 
     </span>
    </p>
   </div>
   <div class='ocr_carea' id='block_1_3' title="bbox 2929 1698 2933 2321">
    <p class='ocr_par' dir='ltr' id='par_1_4' title="bbox 2929 1698 2933 2321">
     <span class='ocr_line' id='line_1_34' title="bbox 2929 1698 2933 2321; baseline 0 0"><span class='ocrx_word' id='word_1_246' title='bbox 2929 1698 2933 2321; x_wconf 95' lang='lat' dir='ltr'><strong> </strong></span> 
     </span>
    </p>
   </div>
  </div>
 </body>
</html>
