<?xml version="1.0" encoding="UTF-8"?>
<!DOCTYPE html PUBLIC "-//W3C//DTD XHTML 1.0 Transitional//EN"
    "http://www.w3.org/TR/xhtml1/DTD/xhtml1-transitional.dtd">
<html xmlns="http://www.w3.org/1999/xhtml" xml:lang="en" lang="en">
 <head>
  <title>
</title>
<meta http-equiv="Content-Type" content="text/html;charset=utf-8" />
  <meta name='ocr-system' content='tesseract 3.04.00' />
  <meta name='ocr-capabilities' content='ocr_page ocr_carea ocr_par ocr_line ocrx_word'/>
</head>
<body>
  <div class='ocr_page' id='page_1' title='image "./degraeis00gaedgoog_0049.png"; bbox 0 0 2970 5100; ppageno 0'>
   <div class='ocr_carea' id='block_1_1' title="bbox 1288 476 1377 546">
    <p class='ocr_par' dir='ltr' id='par_1_1' title="bbox 1288 476 1377 546">
     <span class='ocr_line' id='line_1_1' title="bbox 1288 476 1377 546; baseline -0.011 0"><span class='ocrx_word' id='word_1_1' title='bbox 1288 476 1377 546; x_wconf 75' lang='lat'>41</span> 
     </span>
    </p>
   </div>
   <div class='ocr_carea' id='block_1_2' title="bbox 192 678 2491 3143">
    <p class='ocr_par' dir='ltr' id='par_1_2' title="bbox 192 678 2484 1728">
     <span class='ocr_line' id='line_1_2' title="bbox 192 678 2477 774; baseline 0.001 -25"><span class='ocrx_word' id='word_1_2' title='bbox 192 680 344 749; x_wconf 89' lang='lat' dir='ltr'>sine</span> <span class='ocrx_word' id='word_1_3' title='bbox 390 680 770 759; x_wconf 89' lang='lat' dir='ltr'>sororibus,</span> <span class='ocrx_word' id='word_1_4' title='bbox 825 678 977 749; x_wconf 87' lang='lat' dir='ltr'>ficta</span> <span class='ocrx_word' id='word_1_5' title='bbox 1035 680 1406 760; x_wconf 88' lang='lat' dir='ltr'>invenitur,</span> <span class='ocrx_word' id='word_1_6' title='bbox 1469 703 1674 773; x_wconf 89' lang='lat' dir='ltr'>porro</span> <span class='ocrx_word' id='word_1_7' title='bbox 1716 680 1902 772; x_wconf 89' lang='lat' dir='ltr'>quod</span> <span class='ocrx_word' id='word_1_8' title='bbox 1951 683 2161 751; x_wconf 86' lang='lat' dir='ltr'>multo</span> <span class='ocrx_word' id='word_1_9' title='bbox 2202 682 2477 774; x_wconf 89' lang='lat' dir='ltr'>saepius</span> 
     </span>
     <span class='ocr_line' id='line_1_3' title="bbox 194 798 2480 890; baseline 0 -22"><span class='ocrx_word' id='word_1_10' title='bbox 194 820 401 890; x_wconf 89' lang='lat' dir='ltr'>quam</span> <span class='ocrx_word' id='word_1_11' title='bbox 458 798 636 868; x_wconf 89' lang='lat' dir='ltr'>duae</span> <span class='ocrx_word' id='word_1_12' title='bbox 691 822 846 869; x_wconf 89' lang='lat' dir='ltr'>cnm</span> <span class='ocrx_word' id='word_1_13' title='bbox 908 799 1013 866; x_wconf 93' lang='lat' dir='ltr'>illa</span> <span class='ocrx_word' id='word_1_14' title='bbox 1072 800 1432 890; x_wconf 80' lang='lat' dir='ltr'>Gorgones</span> <span class='ocrx_word' id='word_1_15' title='bbox 1490 823 1767 871; x_wconf 86' lang='lat' dir='ltr'>sorores</span> <span class='ocrx_word' id='word_1_16' title='bbox 1839 822 1967 869; x_wconf 92' lang='lat' dir='ltr'>una</span> <span class='ocrx_word' id='word_1_17' title='bbox 2038 813 2296 870; x_wconf 87' lang='lat' dir='ltr'>tantum</span> <span class='ocrx_word' id='word_1_18' title='bbox 2366 822 2480 870; x_wconf 91' lang='lat' dir='ltr'>ea-</span> 
     </span>
     <span class='ocr_line' id='line_1_4' title="bbox 194 915 2480 1012; baseline 0.001 -24"><span class='ocrx_word' id='word_1_19' title='bbox 194 942 345 988; x_wconf 90' lang='lat' dir='ltr'>rum</span> <span class='ocrx_word' id='word_1_20' title='bbox 403 920 687 988; x_wconf 85' lang='lat' dir='ltr'>formata</span> <span class='ocrx_word' id='word_1_21' title='bbox 738 915 989 1008; x_wconf 80' lang='lat' dir='ltr'>est²¹)‚</span> <span class='ocrx_word' id='word_1_22' title='bbox 1031 960 1112 969; x_wconf 92' lang='lat'><em>-</em></span> <span class='ocrx_word' id='word_1_23' title='bbox 1174 941 1400 1011; x_wconf 91' lang='lat' dir='ltr'>neque</span> <span class='ocrx_word' id='word_1_24' title='bbox 1458 942 1662 1012; x_wconf 91' lang='lat' dir='ltr'>porro</span> <span class='ocrx_word' id='word_1_25' title='bbox 1719 942 1803 991; x_wconf 92' lang='lat' dir='ltr'>eo</span> <span class='ocrx_word' id='word_1_26' title='bbox 1858 920 2047 1011; x_wconf 86' lang='lat' dir='ltr'>quod</span> <span class='ocrx_word' id='word_1_27' title='bbox 2095 921 2349 991; x_wconf 90' lang='lat' dir='ltr'>Perseo</span> <span class='ocrx_word' id='word_1_28' title='bbox 2406 943 2480 991; x_wconf 93' lang='lat' dir='ltr'>re</span> 
     </span>
     <span class='ocr_line' id='line_1_5' title="bbox 194 1039 2481 1131; baseline 0.002 -26"><span class='ocrx_word' id='word_1_29' title='bbox 194 1058 363 1108; x_wconf 91' lang='lat' dir='ltr'>vera</span> <span class='ocrx_word' id='word_1_30' title='bbox 420 1061 575 1108; x_wconf 92' lang='lat' dir='ltr'>cum</span> <span class='ocrx_word' id='word_1_31' title='bbox 632 1060 761 1107; x_wconf 87' lang='lat' dir='ltr'>una</span> <span class='ocrx_word' id='word_1_32' title='bbox 819 1049 1077 1108; x_wconf 88' lang='lat' dir='ltr'>tantum</span> <span class='ocrx_word' id='word_1_33' title='bbox 1135 1040 1350 1109; x_wconf 89' lang='lat' dir='ltr'>Graea</span> <span class='ocrx_word' id='word_1_34' title='bbox 1409 1050 1758 1110; x_wconf 87' lang='lat' dir='ltr'>certamen</span> <span class='ocrx_word' id='word_1_35' title='bbox 1817 1051 1998 1120; x_wconf 90' lang='lat' dir='ltr'>erat,</span> <span class='ocrx_word' id='word_1_36' title='bbox 2056 1060 2262 1130; x_wconf 90' lang='lat' dir='ltr'>quam</span> <span class='ocrx_word' id='word_1_37' title='bbox 2316 1039 2481 1131; x_wconf 88' lang='lat' dir='ltr'>fingi</span> 
     </span>
     <span class='ocr_line' id='line_1_6' title="bbox 195 1158 2483 1250; baseline 0.001 -22"><span class='ocrx_word' id='word_1_38' title='bbox 195 1158 365 1228; x_wconf 88' lang='lat' dir='ltr'>satis</span> <span class='ocrx_word' id='word_1_39' title='bbox 407 1168 617 1236; x_wconf 88' lang='lat' dir='ltr'>esset,</span> <span class='ocrx_word' id='word_1_40' title='bbox 678 1180 809 1228; x_wconf 90' lang='lat' dir='ltr'>nec</span> <span class='ocrx_word' id='word_1_41' title='bbox 855 1158 1158 1250; x_wconf 89' lang='lat' dir='ltr'>denique</span> <span class='ocrx_word' id='word_1_42' title='bbox 1211 1180 1296 1228; x_wconf 95' lang='lat' dir='ltr'>eo</span> <span class='ocrx_word' id='word_1_43' title='bbox 1347 1160 1532 1250; x_wconf 88' lang='lat' dir='ltr'>quod</span> <span class='ocrx_word' id='word_1_44' title='bbox 1591 1161 1839 1230; x_wconf 81' lang='lat' dir='ltr'><strong>artifex</strong></span> <span class='ocrx_word' id='word_1_45' title='bbox 1884 1160 2102 1229; x_wconf 87' lang='lat' dir='ltr'>tribus</span> <span class='ocrx_word' id='word_1_46' title='bbox 2142 1158 2483 1250; x_wconf 83' lang='lat' dir='ltr'>fingendis</span> 
     </span>
     <span class='ocr_line' id='line_1_7' title="bbox 193 1276 2479 1370; baseline 0.001 -24"><span class='ocrx_word' id='word_1_47' title='bbox 193 1276 428 1367; x_wconf 87' lang='lat' dir='ltr'>gregis</span> <span class='ocrx_word' id='word_1_48' title='bbox 475 1276 842 1368; x_wconf 86' lang='lat' dir='ltr'>quamdam</span> <span class='ocrx_word' id='word_1_49' title='bbox 895 1278 1199 1370; x_wconf 90' lang='lat' dir='ltr'>speciem</span> <span class='ocrx_word' id='word_1_50' title='bbox 1242 1300 1378 1347; x_wconf 92' lang='lat' dir='ltr'>non</span> <span class='ocrx_word' id='word_1_51' title='bbox 1433 1278 1613 1349; x_wconf 90' lang='lat' dir='ltr'>bene</span> <span class='ocrx_word' id='word_1_52' title='bbox 1667 1289 1813 1348; x_wconf 88' lang='lat' dir='ltr'>erat</span> <span class='ocrx_word' id='word_1_53' title='bbox 1862 1279 2269 1357; x_wconf 84' lang='lat' dir='ltr'>evitaturus,</span> <span class='ocrx_word' id='word_1_54' title='bbox 2326 1300 2479 1349; x_wconf 91' lang='lat' dir='ltr'>eam</span> 
     </span>
     <span class='ocr_line' id='line_1_8' title="bbox 198 1395 2480 1489; baseline 0.002 -24"><span class='ocrx_word' id='word_1_55' title='bbox 198 1395 604 1489; x_wconf 90' lang='lat' dir='ltr'>simpliciter</span> <span class='ocrx_word' id='word_1_56' title='bbox 674 1396 1114 1467; x_wconf 87' lang='lat' dir='ltr'>iustissimam</span> <span class='ocrx_word' id='word_1_57' title='bbox 1188 1417 1465 1467; x_wconf 89' lang='lat' dir='ltr'>causam</span> <span class='ocrx_word' id='word_1_58' title='bbox 1535 1397 1783 1467; x_wconf 85' lang='lat' dir='ltr'>afferre</span> <span class='ocrx_word' id='word_1_59' title='bbox 1858 1420 2226 1488; x_wconf 91' lang='lat' dir='ltr'>possumus</span> <span class='ocrx_word' id='word_1_60' title='bbox 2297 1399 2480 1488; x_wconf 89' lang='lat' dir='ltr'>quod</span> 
     </span>
     <span class='ocr_line' id='line_1_9' title="bbox 201 1514 2484 1609; baseline 0.003 -27"><span class='ocrx_word' id='word_1_61' title='bbox 201 1536 315 1584; x_wconf 90' lang='lat' dir='ltr'>res</span> <span class='ocrx_word' id='word_1_62' title='bbox 388 1516 780 1584; x_wconf 90' lang='lat' dir='ltr'>necessaria</span> <span class='ocrx_word' id='word_1_63' title='bbox 847 1514 1085 1585; x_wconf 90' lang='lat' dir='ltr'>artifici</span> <span class='ocrx_word' id='word_1_64' title='bbox 1163 1528 1311 1586; x_wconf 89' lang='lat' dir='ltr'>erat</span> <span class='ocrx_word' id='word_1_65' title='bbox 1388 1517 1745 1596; x_wconf 86' lang='lat' dir='ltr'>facienda,</span> <span class='ocrx_word' id='word_1_66' title='bbox 1850 1539 2004 1586; x_wconf 90' lang='lat' dir='ltr'>cum</span> <span class='ocrx_word' id='word_1_67' title='bbox 2080 1517 2164 1586; x_wconf 92' lang='lat' dir='ltr'>ad</span> <span class='ocrx_word' id='word_1_68' title='bbox 2254 1518 2484 1609; x_wconf 90' lang='lat' dir='ltr'>plures</span> 
     </span>
     <span class='ocr_line' id='line_1_10' title="bbox 200 1635 2053 1728; baseline -0.001 -23"><span class='ocrx_word' id='word_1_69' title='bbox 200 1635 461 1705; x_wconf 89' lang='lat' dir='ltr'>Graeas</span> <span class='ocrx_word' id='word_1_70' title='bbox 518 1635 911 1705; x_wconf 89' lang='lat' dir='ltr'>formandas</span> <span class='ocrx_word' id='word_1_71' title='bbox 967 1636 1259 1727; x_wconf 89' lang='lat' dir='ltr'>spatium</span> <span class='ocrx_word' id='word_1_72' title='bbox 1318 1636 1381 1705; x_wconf 92' lang='lat' dir='ltr'>ei</span> <span class='ocrx_word' id='word_1_73' title='bbox 1436 1657 1574 1704; x_wconf 93' lang='lat' dir='ltr'>non</span> <span class='ocrx_word' id='word_1_74' title='bbox 1636 1644 2053 1728; x_wconf 79' lang='lat' dir='ltr'>suppeteret.</span> 
     </span>
    </p>

    <p class='ocr_par' dir='ltr' id='par_1_3' title="bbox 199 1752 2491 2562">
     <span class='ocr_line' id='line_1_11' title="bbox 407 1752 2488 1844; baseline 0.002 -22"><span class='ocrx_word' id='word_1_75' title='bbox 407 1753 511 1822; x_wconf 82' lang='lat' dir='ltr'>Ex</span> <span class='ocrx_word' id='word_1_76' title='bbox 566 1776 650 1823; x_wconf 94' lang='lat' dir='ltr'>eo</span> <span class='ocrx_word' id='word_1_77' title='bbox 707 1753 895 1843; x_wconf 90' lang='lat' dir='ltr'>quod</span> <span class='ocrx_word' id='word_1_78' title='bbox 950 1755 1035 1824; x_wconf 91' lang='lat' dir='ltr'>ad</span> <span class='ocrx_word' id='word_1_79' title='bbox 1098 1778 1161 1823; x_wconf 90' lang='lat' dir='ltr'>n.</span> <span class='ocrx_word' id='word_1_80' title='bbox 1215 1752 1255 1824; x_wconf 79' lang='lat'>5</span> <span class='ocrx_word' id='word_1_81' title='bbox 1328 1753 1571 1824; x_wconf 89' lang='lat' dir='ltr'>harum</span> <span class='ocrx_word' id='word_1_82' title='bbox 1637 1774 2063 1844; x_wconf 86' lang='lat' dir='ltr'>gemmarum</span> <span class='ocrx_word' id='word_1_83' title='bbox 2133 1755 2488 1827; x_wconf 85' lang='lat' dir='ltr'>adnotavit</span> 
     </span>
     <span class='ocr_line' id='line_1_12' title="bbox 199 1872 2486 1965; baseline -0.001 -19"><span class='ocrx_word' id='word_1_84' title='bbox 199 1872 590 1946; x_wconf 90' lang='lat' dir='ltr'>Gerhard</span> <span class='ocrx_word' id='word_1_85' title='bbox 648 1872 928 1963; x_wconf 90' lang='lat' dir='ltr'>intelligi</span> <span class='ocrx_word' id='word_1_86' title='bbox 985 1884 1211 1965; x_wconf 86' lang='lat' dir='ltr'>potest</span> <span class='ocrx_word' id='word_1_87' title='bbox 1267 1874 1443 1942; x_wconf 91' lang='lat' dir='ltr'>illam</span> <span class='ocrx_word' id='word_1_88' title='bbox 1502 1874 1892 1963; x_wconf 81' lang='lat' dir='ltr'><strong>imaginem,</strong></span> <span class='ocrx_word' id='word_1_89' title='bbox 1952 1875 2272 1964; x_wconf 85' lang='lat' dir='ltr'>quamvis</span> <span class='ocrx_word' id='word_1_90' title='bbox 2319 1873 2486 1965; x_wconf 88' lang='lat' dir='ltr'>figu-</span> 
     </span>
     <span class='ocr_line' id='line_1_13' title="bbox 201 1970 2486 2087; baseline 0 -24"><span class='ocrx_word' id='word_1_91' title='bbox 201 2016 348 2063; x_wconf 91' lang='lat' dir='ltr'>ram</span> <span class='ocrx_word' id='word_1_92' title='bbox 407 2015 443 2061; x_wconf 94' lang='lat' dir='ltr'>a</span> <span class='ocrx_word' id='word_1_93' title='bbox 500 1994 756 2062; x_wconf 86' lang='lat' dir='ltr'>Perseo</span> <span class='ocrx_word' id='word_1_94' title='bbox 805 2003 1194 2083; x_wconf 78' lang='lat' dir='ltr'>superatam</span> <span class='ocrx_word' id='word_1_95' title='bbox 1256 1994 1518 2082; x_wconf 86' lang='lat' dir='ltr'>integra</span> <span class='ocrx_word' id='word_1_96' title='bbox 1572 2015 1952 2087; x_wconf 79' lang='lat' dir='ltr'>cycnorum</span> <span class='ocrx_word' id='word_1_97' title='bbox 1995 1970 2217 2062; x_wconf 59' lang='lat' dir='ltr'>torma</span> <span class='ocrx_word' id='word_1_98' title='bbox 2262 1992 2486 2064; x_wconf 87' lang='lat' dir='ltr'>fictam</span> 
     </span>
     <span class='ocr_line' id='line_1_14' title="bbox 201 2113 2485 2206; baseline 0 -24"><span class='ocrx_word' id='word_1_99' title='bbox 201 2113 590 2206; x_wconf 89' lang='lat' dir='ltr'>praeberet,</span> <span class='ocrx_word' id='word_1_100' title='bbox 642 2123 865 2181; x_wconf 88' lang='lat' dir='ltr'>tamen</span> <span class='ocrx_word' id='word_1_101' title='bbox 915 2114 1166 2182; x_wconf 89' lang='lat' dir='ltr'>ceteris</span> <span class='ocrx_word' id='word_1_102' title='bbox 1217 2132 1396 2202; x_wconf 91' lang='lat' dir='ltr'>quae</span> <span class='ocrx_word' id='word_1_103' title='bbox 1446 2124 1651 2181; x_wconf 90' lang='lat' dir='ltr'>notae</span> <span class='ocrx_word' id='word_1_104' title='bbox 1708 2124 1946 2182; x_wconf 90' lang='lat' dir='ltr'>essent</span> <span class='ocrx_word' id='word_1_105' title='bbox 2000 2122 2133 2180; x_wconf 84' lang='lat' dir='ltr'>tam</span> <span class='ocrx_word' id='word_1_106' title='bbox 2193 2113 2485 2183; x_wconf 86' lang='lat' dir='ltr'>similem</span> 
     </span>
     <span class='ocr_line' id='line_1_15' title="bbox 201 2229 2491 2324; baseline 0 -24"><span class='ocrx_word' id='word_1_107' title='bbox 201 2234 420 2303; x_wconf 79' lang='lat' dir='ltr'>fuisse</span> <span class='ocrx_word' id='word_1_108' title='bbox 476 2242 548 2301; x_wconf 90' lang='lat' dir='ltr'>ut</span> <span class='ocrx_word' id='word_1_109' title='bbox 603 2254 756 2300; x_wconf 92' lang='lat' dir='ltr'>cum</span> <span class='ocrx_word' id='word_1_110' title='bbox 824 2231 907 2300; x_wconf 90' lang='lat' dir='ltr'>iis</span> <span class='ocrx_word' id='word_1_111' title='bbox 964 2232 1115 2300; x_wconf 90' lang='lat' dir='ltr'>sine</span> <span class='ocrx_word' id='word_1_112' title='bbox 1170 2229 1386 2300; x_wconf 92' lang='lat' dir='ltr'>dubio</span> <span class='ocrx_word' id='word_1_113' title='bbox 1452 2241 1686 2324; x_wconf 90' lang='lat' dir='ltr'>posset</span> <span class='ocrx_word' id='word_1_114' title='bbox 1742 2230 2063 2302; x_wconf 88' lang='lat' dir='ltr'>conferri.</span> <span class='ocrx_word' id='word_1_115' title='bbox 2174 2232 2491 2303; x_wconf 79' lang='lat' dir='ltr'>Profecto</span> 
     </span>
     <span class='ocr_line' id='line_1_16' title="bbox 203 2348 2489 2443; baseline 0 -22"><span class='ocrx_word' id='word_1_116' title='bbox 203 2353 424 2430; x_wconf 88' lang='lat' dir='ltr'>enim,</span> <span class='ocrx_word' id='word_1_117' title='bbox 501 2352 555 2421; x_wconf 92' lang='lat' dir='ltr'>si</span> <span class='ocrx_word' id='word_1_118' title='bbox 612 2348 938 2443; x_wconf 84' lang='lat' dir='ltr'>Aeschyli</span> <span class='ocrx_word' id='word_1_119' title='bbox 1007 2363 1075 2419; x_wconf 89' lang='lat' dir='ltr'>et</span> <span class='ocrx_word' id='word_1_120' title='bbox 1138 2350 1424 2419; x_wconf 86' lang='lat' dir='ltr'>Tzetzae</span> <span class='ocrx_word' id='word_1_121' title='bbox 1490 2350 1701 2419; x_wconf 90' lang='lat' dir='ltr'>verba</span> <span class='ocrx_word' id='word_1_122' title='bbox 1769 2352 2322 2442; x_wconf 75' lang='lat' dir='ltr'>respexerimuS,</span> <span class='ocrx_word' id='word_1_123' title='bbox 2390 2353 2489 2423; x_wconf 90' lang='lat' dir='ltr'>sic</span> 
     </span>
     <span class='ocr_line' id='line_1_17' title="bbox 205 2466 2314 2562; baseline 0 -22"><span class='ocrx_word' id='word_1_124' title='bbox 205 2470 581 2541; x_wconf 88' lang='lat' dir='ltr'>Phorcidas</span> <span class='ocrx_word' id='word_1_125' title='bbox 638 2471 936 2539; x_wconf 87' lang='lat' dir='ltr'>formare</span> <span class='ocrx_word' id='word_1_126' title='bbox 991 2491 1197 2562; x_wconf 87' lang='lat' dir='ltr'>quam</span> <span class='ocrx_word' id='word_1_127' title='bbox 1256 2470 1555 2539; x_wconf 82' lang='lat' dir='ltr'>maxime</span> <span class='ocrx_word' id='word_1_128' title='bbox 1614 2466 1988 2540; x_wconf 88' lang='lat' dir='ltr'>artificibus</span> <span class='ocrx_word' id='word_1_129' title='bbox 2046 2470 2314 2540; x_wconf 89' lang='lat' dir='ltr'>licebat.</span> 
     </span>
    </p>

    <p class='ocr_par' dir='ltr' id='par_1_4' title="bbox 202 2590 2491 3143">
     <span class='ocr_line' id='line_1_18' title="bbox 425 2590 2487 2681; baseline -0 -21"><span class='ocrx_word' id='word_1_130' title='bbox 425 2592 595 2661; x_wconf 88' lang='lat' dir='ltr'>Hinc</span> <span class='ocrx_word' id='word_1_131' title='bbox 661 2590 748 2660; x_wconf 90' lang='lat' dir='ltr'>ad</span> <span class='ocrx_word' id='word_1_132' title='bbox 817 2591 1184 2661; x_wconf 88' lang='lat' dir='ltr'>nonnullas</span> <span class='ocrx_word' id='word_1_133' title='bbox 1253 2591 1572 2661; x_wconf 89' lang='lat' dir='ltr'>ducimur</span> <span class='ocrx_word' id='word_1_134' title='bbox 1638 2590 1972 2679; x_wconf 82' lang='lat' dir='ltr'>imagines</span> <span class='ocrx_word' id='word_1_135' title='bbox 2044 2612 2168 2660; x_wconf 93' lang='lat' dir='ltr'>eos</span> <span class='ocrx_word' id='word_1_136' title='bbox 2236 2592 2352 2681; x_wconf 89' lang='lat' dir='ltr'>qui</span> <span class='ocrx_word' id='word_1_137' title='bbox 2419 2592 2487 2660; x_wconf 91' lang='lat' dir='ltr'>in</span> 
     </span>
     <span class='ocr_line' id='line_1_19' title="bbox 202 2710 2491 2807; baseline -0.002 -22"><span class='ocrx_word' id='word_1_138' title='bbox 202 2713 444 2807; x_wconf 82' lang='lat' dir='ltr'>cycnis</span> <span class='ocrx_word' id='word_1_139' title='bbox 498 2712 608 2780; x_wconf 91' lang='lat' dir='ltr'>vel</span> <span class='ocrx_word' id='word_1_140' title='bbox 656 2710 904 2780; x_wconf 88' lang='lat' dir='ltr'>avibus</span> <span class='ocrx_word' id='word_1_141' title='bbox 959 2711 1274 2803; x_wconf 92' lang='lat' dir='ltr'>occupati</span> <span class='ocrx_word' id='word_1_142' title='bbox 1329 2711 1462 2781; x_wconf 86' lang='lat' dir='ltr'>sint</span> <span class='ocrx_word' id='word_1_143' title='bbox 1519 2721 2009 2804; x_wconf 80' lang='lat' dir='ltr'>proponentes,</span> <span class='ocrx_word' id='word_1_144' title='bbox 2066 2730 2243 2799; x_wconf 89' lang='lat' dir='ltr'>quae</span> <span class='ocrx_word' id='word_1_145' title='bbox 2284 2710 2491 2780; x_wconf 92' lang='lat' dir='ltr'>inter-</span> 
     </span>
     <span class='ocr_line' id='line_1_20' title="bbox 204 2827 2491 2928; baseline -0.002 -25"><span class='ocrx_word' id='word_1_146' title='bbox 204 2832 658 2928; x_wconf 87' lang='lat' dir='ltr'>pretationem</span> <span class='ocrx_word' id='word_1_147' title='bbox 716 2829 933 2919; x_wconf 88' lang='lat' dir='ltr'>magis</span> <span class='ocrx_word' id='word_1_148' title='bbox 987 2831 1521 2900; x_wconf 89' lang='lat' dir='ltr'>convenientem</span> <span class='ocrx_word' id='word_1_149' title='bbox 1582 2852 1789 2922; x_wconf 91' lang='lat' dir='ltr'>quam</span> <span class='ocrx_word' id='word_1_150' title='bbox 1835 2829 2009 2899; x_wconf 92' lang='lat' dir='ltr'>haec</span> <span class='ocrx_word' id='word_1_151' title='bbox 2051 2838 2157 2898; x_wconf 90' lang='lat' dir='ltr'>est</span> <span class='ocrx_word' id='word_1_152' title='bbox 2200 2827 2290 2898; x_wconf 91' lang='lat' dir='ltr'>de</span> <span class='ocrx_word' id='word_1_153' title='bbox 2333 2829 2491 2899; x_wconf 89' lang='lat' dir='ltr'>Per-</span> 
     </span>
     <span class='ocr_line' id='line_1_21' title="bbox 204 2947 2491 3023; baseline -0.002 0"><span class='ocrx_word' id='word_1_154' title='bbox 204 2975 328 3023; x_wconf 93' lang='lat' dir='ltr'>seo</span> <span class='ocrx_word' id='word_1_155' title='bbox 383 2962 453 3022; x_wconf 89' lang='lat' dir='ltr'>et</span> <span class='ocrx_word' id='word_1_156' title='bbox 505 2950 746 3021; x_wconf 89' lang='lat' dir='ltr'>Graeis</span> <span class='ocrx_word' id='word_1_157' title='bbox 802 2949 1106 3020; x_wconf 89' lang='lat' dir='ltr'>nondum</span> <span class='ocrx_word' id='word_1_158' title='bbox 1157 2961 1398 3022; x_wconf 84' lang='lat' dir='ltr'>nactae</span> <span class='ocrx_word' id='word_1_159' title='bbox 1438 2972 1600 3022; x_wconf 90' lang='lat' dir='ltr'>esse</span> <span class='ocrx_word' id='word_1_160' title='bbox 1642 2949 2027 3022; x_wconf 87' lang='lat' dir='ltr'>videantur.</span> <span class='ocrx_word' id='word_1_161' title='bbox 2136 2947 2369 3018; x_wconf 86' lang='lat' dir='ltr'>Affero</span> <span class='ocrx_word' id='word_1_162' title='bbox 2410 2970 2491 3020; x_wconf 90' lang='lat' dir='ltr'>ac</span> 
     </span>
     <span class='ocr_line' id='line_1_22' title="bbox 202 3070 742 3143; baseline -0.009 0"><span class='ocrx_word' id='word_1_163' title='bbox 202 3072 529 3143; x_wconf 88' lang='lat' dir='ltr'>describo</span> <span class='ocrx_word' id='word_1_164' title='bbox 584 3070 742 3139; x_wconf 86' lang='lat' dir='ltr'>has:</span> 
     </span>
    </p>
   </div>
   <div class='ocr_carea' id='block_1_3' title="bbox 202 3251 2498 4461">
    <p class='ocr_par' dir='ltr' id='par_1_5' title="bbox 202 3251 2493 3636">
     <span class='ocr_line' id='line_1_23' title="bbox 299 3251 2493 3327; baseline -0.002 -17"><span class='ocrx_word' id='word_1_165' title='bbox 299 3256 350 3327; x_wconf 83' lang='lat' dir='ltr'>l)</span> <span class='ocrx_word' id='word_1_166' title='bbox 396 3258 628 3312; x_wconf 86' lang='lat' dir='ltr'>Iuvenis</span> <span class='ocrx_word' id='word_1_167' title='bbox 675 3253 898 3320; x_wconf 78' lang='lat' dir='ltr'>nudus·‚</span> <span class='ocrx_word' id='word_1_168' title='bbox 970 3252 1265 3309; x_wconf 86' lang='lat' dir='ltr'>defluente</span> <span class='ocrx_word' id='word_1_169' title='bbox 1310 3270 1491 3324; x_wconf 86' lang='lat' dir='ltr'>super</span> <span class='ocrx_word' id='word_1_170' title='bbox 1537 3254 1814 3308; x_wconf 87' lang='lat' dir='ltr'>humeros</span> <span class='ocrx_word' id='word_1_171' title='bbox 1861 3251 2194 3321; x_wconf 81' lang='lat' dir='ltr'>chlamyde,</span> <span class='ocrx_word' id='word_1_172' title='bbox 2253 3269 2284 3305; x_wconf 84' lang='lat' dir='ltr'>a</span> <span class='ocrx_word' id='word_1_173' title='bbox 2332 3256 2493 3320; x_wconf 83' lang='lat' dir='ltr'>tergo</span> 
     </span>
     <span class='ocr_line' id='line_1_24' title="bbox 203 3354 2493 3431; baseline -0.004 -15"><span class='ocrx_word' id='word_1_174' title='bbox 203 3374 459 3431; x_wconf 85' lang='lat' dir='ltr'>cycnum</span> <span class='ocrx_word' id='word_1_175' title='bbox 509 3356 959 3427; x_wconf 80' lang='lat' dir='ltr'>aggredientem.</span> <span class='ocrx_word' id='word_1_176' title='bbox 1077 3357 1347 3411; x_wconf 85' lang='lat' dir='ltr'>Canthari</span> <span class='ocrx_word' id='word_1_177' title='bbox 1408 3357 1589 3411; x_wconf 85' lang='lat' dir='ltr'>forma</span> <span class='ocrx_word' id='word_1_178' title='bbox 1639 3373 1728 3426; x_wconf 89' lang='lat' dir='ltr'>ap.</span> <span class='ocrx_word' id='word_1_179' title='bbox 1780 3355 2231 3410; x_wconf 83' lang='lat' dir='ltr'>Gerhardum</span> <span class='ocrx_word' id='word_1_180' title='bbox 2289 3354 2493 3407; x_wconf 89' lang='lat' dir='ltr'>Nuovo</span> 
     </span>
     <span class='ocr_line' id='line_1_25' title="bbox 202 3455 2490 3528; baseline -0.003 -10"><span class='ocrx_word' id='word_1_181' title='bbox 202 3462 468 3518; x_wconf 87' lang='lat' dir='ltr'>ricerche</span> <span class='ocrx_word' id='word_1_182' title='bbox 515 3477 558 3514; x_wconf 82' lang='lat' dir='ltr'>S.</span> <span class='ocrx_word' id='word_1_183' title='bbox 609 3463 789 3513; x_wconf 75' lang='lat' dir='ltr'>forma</span> <span class='ocrx_word' id='word_1_184' title='bbox 837 3459 891 3512; x_wconf 90' lang='lat' dir='ltr'>d.</span> <span class='ocrx_word' id='word_1_185' title='bbox 940 3459 1059 3513; x_wconf 84' lang='lat' dir='ltr'>vasi</span> <span class='ocrx_word' id='word_1_186' title='bbox 1106 3474 1188 3528; x_wconf 85' lang='lat' dir='ltr'>gr.</span> <span class='ocrx_word' id='word_1_187' title='bbox 1237 3459 1443 3513; x_wconf 85' lang='lat' dir='ltr'>Annali</span> <span class='ocrx_word' id='word_1_188' title='bbox 1492 3458 1545 3512; x_wconf 91' lang='lat' dir='ltr'>d.</span> <span class='ocrx_word' id='word_1_189' title='bbox 1595 3460 1729 3512; x_wconf 86' lang='lat' dir='ltr'>Inst.</span> <span class='ocrx_word' id='word_1_190' title='bbox 1786 3460 1961 3512; x_wconf 77' lang='grc'><strong>1836.</strong></span> <span class='ocrx_word' id='word_1_191' title='bbox 2022 3455 2134 3511; x_wconf 87' lang='lat' dir='ltr'>tab.</span> <span class='ocrx_word' id='word_1_192' title='bbox 2183 3455 2363 3525; x_wconf 84' lang='lat' dir='ltr'>d&#39;agg.</span> <span class='ocrx_word' id='word_1_193' title='bbox 2431 3456 2490 3511; x_wconf 90' lang='lat' dir='ltr'>C.</span> 
     </span>
     <span class='ocr_line' id='line_1_26' title="bbox 202 3556 956 3636; baseline -0.008 -17"><span class='ocrx_word' id='word_1_194' title='bbox 202 3581 258 3619; x_wconf 92' lang='lat' dir='ltr'>n.</span> <span class='ocrx_word' id='word_1_195' title='bbox 312 3568 412 3620; x_wconf 82' lang='lat'>23.</span> <span class='ocrx_word' id='word_1_196' title='bbox 502 3559 625 3636; x_wconf 88' lang='lat' dir='ltr'>[Tb.</span> <span class='ocrx_word' id='word_1_197' title='bbox 678 3563 738 3616; x_wconf 90' lang='lat' dir='ltr'>ll.</span> <span class='ocrx_word' id='word_1_198' title='bbox 786 3576 842 3614; x_wconf 94' lang='lat' dir='ltr'>n.</span> <span class='ocrx_word' id='word_1_199' title='bbox 883 3556 956 3634; x_wconf 84' lang='lat'>4].</span> 
     </span>
    </p>

    <p class='ocr_par' dir='ltr' id='par_1_6' title="bbox 203 3660 2495 3941">
     <span class='ocr_line' id='line_1_27' title="bbox 292 3660 2493 3735; baseline -0.004 -12"><span class='ocrx_word' id='word_1_200' title='bbox 292 3670 348 3732; x_wconf 81' lang='lat'>2)</span> <span class='ocrx_word' id='word_1_201' title='bbox 395 3666 642 3730; x_wconf 85' lang='lat' dir='ltr'>Iuvenis,</span> <span class='ocrx_word' id='word_1_202' title='bbox 691 3679 942 3735; x_wconf 86' lang='lat' dir='ltr'>cycnum</span> <span class='ocrx_word' id='word_1_203' title='bbox 992 3664 1085 3718; x_wconf 87' lang='lat' dir='ltr'>vel</span> <span class='ocrx_word' id='word_1_204' title='bbox 1130 3678 1400 3718; x_wconf 88' lang='lat' dir='ltr'>anserem</span> <span class='ocrx_word' id='word_1_205' title='bbox 1451 3660 1750 3717; x_wconf 88' lang='lat' dir='ltr'>currendo</span> <span class='ocrx_word' id='word_1_206' title='bbox 1796 3667 2110 3731; x_wconf 82' lang='lat' dir='ltr'>petentem,</span> <span class='ocrx_word' id='word_1_207' title='bbox 2161 3661 2300 3716; x_wconf 89' lang='lat' dir='ltr'>dum</span> <span class='ocrx_word' id='word_1_208' title='bbox 2347 3661 2493 3715; x_wconf 85' lang='lat' dir='ltr'>alter</span> 
     </span>
     <span class='ocr_line' id='line_1_28' title="bbox 203 3764 2495 3838; baseline -0.004 -11"><span class='ocrx_word' id='word_1_209' title='bbox 203 3770 467 3827; x_wconf 85' lang='lat' dir='ltr'>eiusdem</span> <span class='ocrx_word' id='word_1_210' title='bbox 514 3769 748 3838; x_wconf 82' lang='lat' dir='ltr'>generis</span> <span class='ocrx_word' id='word_1_211' title='bbox 791 3768 914 3821; x_wconf 88' lang='lat' dir='ltr'>avis</span> <span class='ocrx_word' id='word_1_212' title='bbox 960 3768 1153 3836; x_wconf 86' lang='lat' dir='ltr'>quiete</span> <span class='ocrx_word' id='word_1_213' title='bbox 1202 3771 1331 3836; x_wconf 87' lang='lat' dir='ltr'>post</span> <span class='ocrx_word' id='word_1_214' title='bbox 1375 3781 1512 3821; x_wconf 90' lang='lat' dir='ltr'>eum</span> <span class='ocrx_word' id='word_1_215' title='bbox 1559 3770 1682 3820; x_wconf 79' lang='lat' dir='ltr'>stat.</span> <span class='ocrx_word' id='word_1_216' title='bbox 1731 3764 1841 3818; x_wconf 87' lang='lat' dir='ltr'>Vas</span> <span class='ocrx_word' id='word_1_217' title='bbox 1888 3781 1979 3834; x_wconf 91' lang='lat' dir='ltr'>ap.</span> <span class='ocrx_word' id='word_1_218' title='bbox 2033 3764 2327 3834; x_wconf 86' lang='lat' dir='ltr'>Caylum</span> <span class='ocrx_word' id='word_1_219' title='bbox 2376 3764 2495 3818; x_wconf 87' lang='lat' dir='ltr'>Re-</span> 
     </span>
     <span class='ocr_line' id='line_1_29' title="bbox 203 3857 1920 3941; baseline -0.007 -11"><span class='ocrx_word' id='word_1_220' title='bbox 203 3875 357 3930; x_wconf 89' lang='lat' dir='ltr'>cueil</span> <span class='ocrx_word' id='word_1_221' title='bbox 407 3869 778 3941; x_wconf 73' lang='lat' dir='ltr'>d’antiquites</span> <span class='ocrx_word' id='word_1_222' title='bbox 824 3872 860 3925; x_wconf 92' lang='grc' dir='ltr'>Ι.</span> <span class='ocrx_word' id='word_1_223' title='bbox 909 3868 1021 3923; x_wconf 88' lang='lat' dir='ltr'>tab.</span> <span class='ocrx_word' id='word_1_224' title='bbox 1068 3868 1296 3925; x_wconf 86' lang='lat' dir='ltr'>XLVIlI.</span> <span class='ocrx_word' id='word_1_225' title='bbox 1348 3872 1399 3933; x_wconf 84' lang='lat'>3,</span> <span class='ocrx_word' id='word_1_226' title='bbox 1450 3868 1519 3922; x_wconf 84' lang='lat' dir='ltr'>cf.</span> <span class='ocrx_word' id='word_1_227' title='bbox 1570 3884 1625 3937; x_wconf 89' lang='lat' dir='ltr'>p.</span> <span class='ocrx_word' id='word_1_228' title='bbox 1669 3869 1781 3922; x_wconf 71' lang='lat'>⁴12</span> <span class='ocrx_word' id='word_1_229' title='bbox 1820 3857 1920 3941; x_wconf 82' lang='grc'>22).</span> 
     </span>
    </p>

    <p class='ocr_par' dir='ltr' id='par_1_7' title="bbox 203 3966 2495 4141">
     <span class='ocr_line' id='line_1_30' title="bbox 294 3966 2495 4050; baseline -0.004 -20"><span class='ocrx_word' id='word_1_230' title='bbox 294 3969 352 4050; x_wconf 84' lang='grc'>3)</span> <span class='ocrx_word' id='word_1_231' title='bbox 399 3976 493 4029; x_wconf 91' lang='lat' dir='ltr'>Vir</span> <span class='ocrx_word' id='word_1_232' title='bbox 538 3974 747 4038; x_wconf 84' lang='lat' dir='ltr'>alatuS,</span> <span class='ocrx_word' id='word_1_233' title='bbox 831 3988 985 4042; x_wconf 89' lang='lat' dir='ltr'>pone</span> <span class='ocrx_word' id='word_1_234' title='bbox 1049 3986 1299 4041; x_wconf 88' lang='lat' dir='ltr'>cycnum</span> <span class='ocrx_word' id='word_1_235' title='bbox 1361 3984 1625 4025; x_wconf 81' lang='lat' dir='ltr'>currenS.</span> <span class='ocrx_word' id='word_1_236' title='bbox 1715 3969 1823 4022; x_wconf 86' lang='lat' dir='ltr'>Vas</span> <span class='ocrx_word' id='word_1_237' title='bbox 1887 3966 2040 4037; x_wconf 89' lang='lat' dir='ltr'>apud</span> <span class='ocrx_word' id='word_1_238' title='bbox 2107 3968 2495 4023; x_wconf 87' lang='lat' dir='ltr'>Micalium</span> 
     </span>
     <span class='ocr_line' id='line_1_31' title="bbox 203 4066 1359 4141; baseline -0.008 -6"><span class='ocrx_word' id='word_1_239' title='bbox 203 4081 460 4135; x_wconf 83' lang='lat' dir='ltr'>Monum.</span> <span class='ocrx_word' id='word_1_240' title='bbox 507 4076 662 4130; x_wconf 87' lang='lat' dir='ltr'>ined.</span> <span class='ocrx_word' id='word_1_241' title='bbox 712 4073 819 4129; x_wconf 86' lang='lat' dir='ltr'>tab.</span> <span class='ocrx_word' id='word_1_242' title='bbox 868 4074 1047 4138; x_wconf 92' lang='lat' dir='ltr'>XCVI,</span> <span class='ocrx_word' id='word_1_243' title='bbox 1098 4089 1152 4127; x_wconf 91' lang='lat' dir='ltr'>n.</span> <span class='ocrx_word' id='word_1_244' title='bbox 1191 4075 1224 4127; x_wconf 79' lang='lat'>5</span> <span class='ocrx_word' id='word_1_245' title='bbox 1262 4066 1359 4141; x_wconf 89' lang='lat'><strong>23).</strong></span> 
     </span>
    </p>

    <p class='ocr_par' dir='ltr' id='par_1_8' title="bbox 203 4169 2498 4351">
     <span class='ocr_line' id='line_1_32' title="bbox 297 4169 2498 4253; baseline -0.004 -18"><span class='ocrx_word' id='word_1_246' title='bbox 297 4173 351 4253; x_wconf 83' lang='lat'>4)</span> <span class='ocrx_word' id='word_1_247' title='bbox 397 4180 494 4234; x_wconf 86' lang='lat' dir='ltr'>Vir</span> <span class='ocrx_word' id='word_1_248' title='bbox 539 4180 723 4233; x_wconf 87' lang='lat' dir='ltr'>alatus</span> <span class='ocrx_word' id='word_1_249' title='bbox 770 4194 904 4231; x_wconf 91' lang='lat' dir='ltr'>cum</span> <span class='ocrx_word' id='word_1_250' title='bbox 954 4175 1151 4241; x_wconf 84' lang='lat' dir='ltr'>barba,</span> <span class='ocrx_word' id='word_1_251' title='bbox 1204 4176 1352 4231; x_wconf 87' lang='lat' dir='ltr'>inter</span> <span class='ocrx_word' id='word_1_252' title='bbox 1396 4173 1546 4230; x_wconf 86' lang='lat' dir='ltr'>duos</span> <span class='ocrx_word' id='word_1_253' title='bbox 1593 4187 1813 4245; x_wconf 87' lang='lat' dir='ltr'>cycnos</span> <span class='ocrx_word' id='word_1_254' title='bbox 1859 4172 2097 4244; x_wconf 81' lang='lat' dir='ltr'>positus,</span> <span class='ocrx_word' id='word_1_255' title='bbox 2187 4169 2498 4241; x_wconf 81' lang='lat' dir='ltr'>Aryballus</span> 
     </span>
     <span class='ocr_line' id='line_1_33' title="bbox 203 4274 1062 4351; baseline -0.007 -12"><span class='ocrx_word' id='word_1_256' title='bbox 203 4282 566 4339; x_wconf 83' lang='lat' dir='ltr'>collectionis</span> <span class='ocrx_word' id='word_1_257' title='bbox 614 4280 924 4335; x_wconf 86' lang='lat' dir='ltr'>Feolianae</span> <span class='ocrx_word' id='word_1_258' title='bbox 963 4274 1062 4351; x_wconf 80' lang='lat'>2⁴¹).</span> 
     </span>
    </p>

    <p class='ocr_par' dir='ltr' id='par_1_9' title="bbox 293 4375 2498 4461">
     <span class='ocr_line' id='line_1_34' title="bbox 293 4375 2498 4461; baseline -0.005 -22"><span class='ocrx_word' id='word_1_259' title='bbox 293 4378 351 4461; x_wconf 83' lang='lat'>5)</span> <span class='ocrx_word' id='word_1_260' title='bbox 403 4385 495 4440; x_wconf 91' lang='lat' dir='ltr'>Vir</span> <span class='ocrx_word' id='word_1_261' title='bbox 538 4381 855 4449; x_wconf 86' lang='lat' dir='ltr'>imberbis,</span> <span class='ocrx_word' id='word_1_262' title='bbox 919 4384 978 4437; x_wconf 89' lang='lat' dir='ltr'>in</span> <span class='ocrx_word' id='word_1_263' title='bbox 1026 4383 1284 4437; x_wconf 88' lang='lat' dir='ltr'>humeris</span> <span class='ocrx_word' id='word_1_264' title='bbox 1332 4385 1389 4434; x_wconf 87' lang='lat' dir='ltr'>et</span> <span class='ocrx_word' id='word_1_265' title='bbox 1436 4378 1688 4451; x_wconf 88' lang='lat' dir='ltr'>pedibus</span> <span class='ocrx_word' id='word_1_266' title='bbox 1734 4378 1839 4434; x_wconf 83' lang='lat' dir='ltr'>alis</span> <span class='ocrx_word' id='word_1_267' title='bbox 1883 4375 2209 4448; x_wconf 76' lang='lat' dir='ltr'>praeditu5‚</span> <span class='ocrx_word' id='word_1_268' title='bbox 2256 4379 2498 4431; x_wconf 88' lang='lat' dir='ltr'>ruenter</span> 
     </span>
    </p>
   </div>
  </div>
 </body>
</html>
