2970 5100
1638 440 1735 512 36

541 646 672 715 tius
741 646 806 713 in
875 666 1025 713 eam
1086 645 1757 737 interpretationem,
1828 667 1862 713 a
1922 646 2294 716 Braunio
2352 654 2719 727 statutam,
2794 669 2834 715 a

538 764 1019 834 Wieselero
1083 776 1456 857 acceptam,
1519 787 1650 856 qua
1715 763 2162 836 Prometheus
2219 761 2572 834 hominum
2633 787 2835 836 crea-

537 895 644 953 tor
699 884 834 952 illic
889 894 995 952 est
1043 880 1241 952 fictus
1298 883 1788 975 inquirendum
1846 897 1974 956 est.

744 1002 1205 1073 Gravissimae
1275 1004 1476 1092 igitur
1546 1005 2013 1075 dubitationes
2090 1004 2316 1072 statim
2386 1003 2451 1071 in
2521 1006 2831 1074 mascula

535 1120 749 1212 figura
792 1121 1183 1191 Promethei
1207 1123 1487 1193 nomine
1512 1123 1971 1216 nuncupanda
2001 1122 2236 1192 inferri
2267 1134 2577 1214 possunt.
2651 1124 2830 1192 Nam

535 1243 719 1334 quod
777 1241 1047 1312 iuvenis
1105 1242 1217 1310 ille
1272 1253 1379 1311 est
1420 1253 1489 1311 et
1534 1242 1891 1321 imberbis,
1948 1243 2116 1312 alias
2160 1240 2228 1310 id
2272 1241 2508 1332 utique
2551 1243 2828 1322 mirum,

535 1364 685 1433 eius
727 1361 1004 1453 quidem
1053 1362 1149 1431 rei
1211 1362 1275 1430 in
1332 1360 1645 1431 Etruscis
1698 1361 2183 1440 monumentis,
2242 1360 2308 1428 in
2354 1360 2606 1449 quibus
2655 1363 2832 1431 solis

533 1505 715 1553 nunc
760 1502 1141 1559 versamur,
1200 1481 1371 1551 ratio
1421 1479 1742 1550 habenda
1788 1504 1923 1551 non
1975 1490 2101 1558 est,
2155 1478 2279 1549 sed
2324 1478 2831 1551 'offendendum

533 1613 638 1670 est
684 1603 747 1670 in
799 1599 1184 1693 chlamyde,
1244 1621 1425 1691 quae
1481 1612 1551 1669 et
1603 1600 1885 1669 omnino
1940 1594 2374 1677 Prometheo,
2437 1600 2647 1669 multo
2707 1622 2831 1692 po-

532 1720 665 1789 tius
734 1720 826 1788 illi
891 1719 1218 1790 exomide
1290 1720 1403 1790 vel
1470 1717 1755 1788 hirnatio
1825 1720 2191 1797 instruct0,
2273 1728 2340 1786 et
2399 1719 2698 1789 maxime
2761 1721 2828 1789 in

532 1836 857 1927 fingendo
888 1839 1192 1908 versanti
1231 1835 1495 1918 artifici,
1536 1839 1878 1908 contraria
1909 1850 2016 1908 est
2047 1847 2255 1928 atque
2295 1837 2827 1909 inconveniens.

533 1956 736 2038 Quod
806 1959 864 2028 si
934 1958 1223 2050 pileum,
1304 1978 1439 2026 non
1511 1958 1726 2047 magis
1790 1955 2200 2026 Prometheo
2266 1976 2469 2046 quam
2538 1959 2831 2027 omnino

531 2072 749 2145 fictori
804 2087 1058 2169 aptum,
1120 2078 1186 2145 in
1244 2098 1382 2167 quo
1442 2077 1675 2167 ntique
1734 2076 2028 2155 meandi,
2103 2073 2584 2169 proficiscendi
2644 2076 2833 2147 inest

533 2192 974 2284 significatio,
1042 2194 1559 2275 addiderimus,
1637 2197 1703 2266 in
1782 2196 2079 2266 mascula
2137 2191 2352 2284 figura
2410 2205 2598 2263 certe
2657 2193 2827 2264 nihil

531 2314 869 2406 reperitur
903 2338 1027 2385 cur
1062 2313 1542 2386 Prometheum
1591 2336 1974 2407 agnoscere
2030 2315 2252 2393 liceat,
2312 2336 2536 2404 eoque
2597 2315 2832 2385 minus

533 2431 927 2503 dubitamus
983 2457 1135 2505 cum
1193 2435 1901 2505 Winckelmanno
1958 2443 2023 2503 et
2077 2432 2488 2503 Tolkenio
2554 2433 2832 2504 Mercu-

530 2554 705 2622 rium
770 2565 887 2624 aut
955 2567 1143 2626 certe
1198 2556 1407 2627 deum
1480 2556 1591 2625 vel
1659 2553 1871 2625 heroa
1931 2555 2024 2623 illi
2083 2575 2317 2648 parem
2368 2533 2529 2623 esse
2587 2549 2831 2624 fictum

529 2683 833 2743 statuere
875 2694 1015 2764 qno
1061 2673 1373 2768 chlamys
1430 2687 1500 2744 et
1555 2676 1937 2767 petasus‘in
1987 2673 2221 2766 primis
2270 2674 2447 2742 inter
2487 2674 2629 2766 ipsa
2674 2675 2833 2745 eius

528 2789 641 2861 dei
700 2794 895 2883 signa
952 2803 1129 2862 sunt.

736 2911 912 2994 Quid
961 2922 1191 2982 autem
1248 2922 1353 2981 est
1406 2909 1592 3003 quod
1653 2912 1782 2981 iste
1825 2909 2271 2983 Prometheus
2330 2933 2534 3002 quem
2585 2912 2831 2981 volue-

529 3044 683 3102 runt
727 3054 886 3103 esse
935 3032 1140 3121 agat?
1250 3030 1388 3111 „Er
1445 3030 1787 3101 modellirt
1842 3033 2046 3102 einen
2101 3028 2500 3110 Menschen,
2560 3030 2830 3101 dessen

528 3152 710 3244 Kops
751 3151 873 3220 auf
920 3152 1148 3222 einem
1200 3150 1456 3220 Ganse·
1503 3149 1675 3220 oder
1715 3148 2365 3243 Schv'vanenkorper
2406 3150 2634 3219 sitzt.“
2756 3154 2829 3221 ln

527 3292 606 3342 ea
666 3270 992 3364 opinione
1049 3271 1319 3340 Braun
1378 3282 1445 3340 et
1507 3270 1944 3340 Wieseler
1998 3271 2300 3360 cogitant
2339 3269 2429 3339 de
2474 3270 2590 3339 illo
2643 3271 2829 3354 ioc0,

528 3391 644 3482 qui
703 3412 742 3459 e
803 3391 1035 3483 lyricis
1091 3391 1372 3460 Graecis
1415 3389 1478 3477 6)
1549 3391 1612 3459 in
1683 3390 2034 3458 Horatium
2103 3390 2371 3459 transiit
2411 3387 2509 3479 ⁷),
2584 3412 2623 3459 e
2683 3412 2830 3482 quo

524 3507 972 3579 Prometheus
1019 3510 1081 3577 in
1135 3507 1533 3579 hominibus
1573 3507 1915 3600 fingendis
1957 3509 2160 3578 etiam
2207 3510 2604 3579 animalium
2652 3533 2830 3601 quo-

528 3626 815 3697 rundam
893 3613 1161 3721 propria
1235 3628 1317 3698 iis
1388 3628 1858 3699 admiscuerit.
1987 3626 2113 3709 Qui
2190 3641 2546 3720 poetarum
2624 3630 2830 3699 iocus

527 3769 689 3816 num
740 3769 812 3817 re
856 3768 1022 3817 vera
1068 3759 1214 3817 arte
1264 3749 1328 3817 in
1369 3759 1818 3842 conspectum
1871 3745 2072 3816 datus
2128 3748 2326 3816 sitab
2377 3748 2572 3818 initio
2616 3749 2830 3818 valde

525 3868 781 3958 ambigi
838 3878 1082 3960 potest.
1192 3869 1399 3939 Cuius
1473 3869 1570 3938 rei
1642 3866 2014 3960 principale
2085 3877 2569 3956 argumentum
2643 3869 2831 3938 solet

525 3986 753 4056 afferri
797 3986 1074 4056 celeber
1121 3988 1232 4056 ille
1278 3987 1746 4081 sarcophagus
1785 3987 2367 4057 Pioclementinus
2403 3984 2494 4079 8),
2557 3989 2626 4056 in
2681 4011 2828 4079 quo

527 4107 710 4175 iuxta
769 4104 1249 4177 Prometheum
1308 4106 1622 4177 homines
1679 4105 2050 4195 fingentem
2124 4118 2358 4177 taurus
2432 4118 2498 4177 et
2574 4109 2828 4179 asinus
2923 4083 2924 4110 Χ

522 4247 676 4296 cum
734 4226 1177 4319 inscriptione
1235 4226 1500 4296 formati
1556 4237 1737 4296 sunt.
1862 4227 1950 4294 At
2008 4224 2169 4294 nihil
2228 4225 2593 4319 displiceat
2649 4250 2827 4297 con-

527 4346 781 4416 sentire
815 4344 1087 4414 Gerha
1115 4343 1301 4414 rdio
1340 4342 1426 4436 9),
1470 4346 1586 4436 qui
1634 4367 1755 4438 per
1799 4344 1922 4416 has
1964 4346 2221 4417 bestias
2266 4343 2431 4415 nihil
2473 4346 2609 4416 nisi
2655 4369 2827 4417 eum
