2970 5100
1589 445 1683 517 52

586 649 644 723 7)
692 667 916 723 cycnus
946 658 1003 709 et
1034 653 1227 724 Gorgo
1264 655 1323 708 in
1366 670 1504 709 vase
1535 652 1844 723 argillaceo
1876 652 2274 722 Neapolitana
2364 651 2574 707 Gerh.
2608 649 2800 706 Arch.

498 751 639 809 Anz.
693 757 872 813 1859.
919 772 976 826 p.
1028 759 1165 814 ⁴⁴2.

709 864 1086 934 Commode
1160 863 1288 936 hoc
1365 866 1517 935 loco
1592 862 1663 932 hi
1737 862 2211 955 sepulcrorum
2291 861 2473 953 cippi
2544 860 2804 930 adiun-

503 994 775 1071 guntur.

586 1095 642 1178 8)
690 1102 905 1174 Cippus
947 1104 1354 1173 Borghesinus,
1402 1117 1564 1158 nunc
1609 1104 1668 1158 in
1714 1104 2009 1169 Louvreo;
2057 1102 2208 1156 inter
2254 1102 2557 1172 copiosum
2603 1115 2803 1156 orna-

494 1210 759 1259 mentum
828 1206 974 1261 infra
1042 1205 1333 1261 titulorum
1393 1203 1647 1260 tabulam
1710 1206 1880 1260 etiam
1943 1205 2241 1259 invenitur
2285 1202 2562 1259 Medusae
2608 1208 2802 1273 caput

499 1304 732 1362 duobus
778 1309 981 1379 cycnis
1028 1306 1476 1372 circumdatum,
1526 1322 1702 1377 supra
1748 1307 1885 1362 illud
1935 1307 2132 1362 oscula
2182 1307 2333 1361 inter
2376 1321 2439 1360 se
2485 1307 2801 1375 iungenti—

495 1407 626 1463 buS.
715 1425 765 1463 v.
811 1411 1041 1465 Moses
1086 1410 1263 1466 Vases
1309 1408 1423 1464 tab.
1470 1409 1552 1475 Cl,
1604 1409 1856 1464 Clarae
1904 1410 2043 1465 Mus,
2095 1407 2166 1462 de
2215 1407 2431 1480 Sculpt.
2480 1406 2591 1463 tab.
2640 1410 2797 1465 252.

495 1524 550 1564 n.
604 1511 740 1578 507,
789 1512 1117 1567 Bouillon
1162 1514 1304 1568 MuS.
1354 1510 1601 1581 d’Antiq.
1653 1526 1708 1565 n.
1761 1514 1834 1565 89
1886 1512 1945 1567 in
1994 1512 2063 1565 iis
2110 1512 2210 1581 qui
2258 1511 2428 1565 etiam
2477 1524 2637 1565 nunc
2685 1509 2797 1564 edi

492 1617 760 1683 pergunt,
809 1611 1020 1686 Cippes
1066 1616 1315 1671 choisies
1361 1615 1523 1668 Rom.
1571 1615 1635 1668 ΙΙ.
1685 1628 1740 1667 n.
1795 1617 1847 1669 3.
1895 1609 2019 1688 [Tb.
2068 1614 2106 1667 1.
2159 1627 2216 1666 n.
2269 1607 2346 1685 6].
2564 1680 2573 1688 .

581 1709 638 1791 9)
685 1710 1077 1786 ,,Οἰρρυε’ἀθι·
1108 1716 1357 1773 Antonia
1387 1716 1628 1781 Panace,
1678 1722 1841 1771 sonst
1883 1717 1943 1770 in
1991 1715 2106 1770 den
2156 1713 2589 1770 mediceischen
2628 1712 2796 1769 Gar-

491 1820 605 1882 ten,
645 1818 789 1888 jetzt
830 1819 909 1873 im
954 1820 1091 1876 Real
1137 1820 1277 1875 Mus,
1323 1817 1574 1873 Borbon.
1667 1818 1861 1874 Durch
1906 1816 2096 1889 Spon
2144 1816 2265 1872 und
2310 1816 2613 1884 Lessing
2665 1814 2794 1870 be-

489 1918 694 1988 kannt3
743 1923 915 1975 unter
960 1920 1065 1975 der
1109 1919 1511 1977 Inschrifttafel
1555 1919 1748 1974 halten
1792 1921 1940 1976 zwei
1972 1920 2260 1975 Schwane
2311 1919 2443 1973 eine
2474 1916 2786 1973 Medusa.“

494 2020 693 2077 Gerh.
743 2038 799 2077 u.
845 2022 1000 2079 Pan.
1045 2024 1222 2096 Neap.
1271 2028 1386 2079 ant.
1435 2021 1636 2077 Bildw.
1686 2039 1741 2093 p.
1794 2025 1859 2076 6⁴
1897 2038 2015 2093 sq.,
2064 2022 2329 2078 Gruter
2374 2020 2650 2075 Thesaur.
2697 2019 2790 2074 th.

496 2122 772 2180 DCLX1X.
818 2139 877 2180 n.
932 2128 986 2181 l.

589 2222 686 2298 lo)
732 2225 949 2297 Cippus
993 2228 1052 2282 in
1099 2226 1343 2283 aedibus
1391 2227 1728 2294 Corsininis,
1774 2227 2069 2281 Platner
2112 2227 2170 2281 in
2216 2222 2548 2281 Beschreib.
2594 2223 2651 2277 d.
2699 2222 2787 2279 St.

490 2325 652 2381 Rom.
698 2328 786 2382 111.
836 2331 888 2382 3.
940 2345 992 2399 p.
1031 2332 1171 2384 605.

583 2422 680 2504 Η)
728 2427 945 2500 Cippus
989 2432 1048 2486 in
1095 2430 1233 2488 Villa
1278 2429 1649 2488 Ludovisina.
1739 2429 1875 2486 ibid.
1922 2432 1985 2485 11.
2036 2434 2090 2488 2.
2138 2446 2194 2500 p.
2229 2432 2369 2486 582.

582 2531 677 2603 ⁴2)
725 2531 942 2604 Cippus
986 2534 1045 2589 in
1091 2533 1232 2589 Villa
1277 2531 1580 2589 Albanina.
1674 2531 1809 2588 ibid.
1858 2534 1944 2590 111.
1996 2535 2049 2590 2.
2098 2549 2152 2604 p.
2192 2531 2328 2587 497.
2375 2545 2432 2585 n.
2475 2532 2568 2585 48.

416 2695 419 2697 ,
488 2634 725 2691 Numeri
774 2634 1088 2706 supplendi
1136 2651 1306 2691 causa
1353 2637 1612 2707 picturae
1673 2635 1908 2707 parietis
1974 2650 2124 2706 quae
2184 2640 2271 2689 est
2326 2651 2418 2704 ap.
2465 2634 2681 2689 Roux
2729 2637 2791 2687 et

488 2739 712 2797 Barre
756 2709 866 2815 (les
912 2715 1237 2808 Antiquitas
1285 2737 1732 2793 d'Herculanum
1775 2738 1859 2794 IV.
1908 2736 2022 2794 tab.
2070 2736 2226 2807 LXX)
2273 2737 2490 2793 mentio
2538 2735 2674 2802 fiat,
2721 2736 2787 2790 in

438 2864 442 2868 ·
496 2857 609 2912 qua
655 2840 771 2897 duo
821 2842 992 2914 cycni
1035 2845 1239 2896 tenent
1278 2840 1680 2928 Gorgoneum.

697 3027 963 3109 Quibus
1015 3026 1336 3095 omnibus
1381 3025 1597 3095 variis
1648 3024 2061 3115 imaginibus
2106 3025 2308 3095 lunae
2358 3045 2439 3094 os
2487 3023 2786 3093 circum-

489 3144 724 3215 datum
756 3145 1089 3239 Apollinis
1119 3145 1296 3215 Solis
1338 3144 1584 3214 avibus
1625 3141 1857 3215 fictum
1904 3166 2062 3215 esse
2104 3145 2313 3235 vulgo
2352 3142 2655 3213 creditur
2691 3139 2780 3232 8).

491 3264 575 3333 At
628 3265 766 3335 duo
822 3274 981 3335 sunt
1032 3284 1210 3357 quae
1261 3265 1326 3333 in
1375 3262 1504 3335 hac
1547 3286 1620 3333 re
1662 3263 2006 3334 menende
2054 3262 2368 3334 habeam.
2477 3263 2781 3335 Primum

492 3405 682 3465 sane,
749 3385 1079 3464 concedo,
1137 3384 1374 3474 negari
1426 3405 1564 3453 non
1616 3382 1828 3453 debet
1877 3404 2137 3476 cycnos
2194 3383 2283 3453 ad
2334 3382 2780 3475 splendorem

489 3502 926 3597 Apollineum
982 3502 1299 3593 Solisque
1354 3502 1729 3574 candorem
1787 3500 2197 3592 signandum
2255 3523 2462 3595 saepe
2524 3502 2592 3571 in
2663 3526 2780 3574 su-

491 3622 830 3716 pellectile
898 3623 1251 3715 ususpari‚
1330 3643 1573 3692 verum
1643 3621 1713 3690 id
1785 3621 2067 3713 quidem
2136 3642 2271 3691 non
2325 3618 2476 3691 fieri
2530 3623 2663 3692 nisi
2719 3624 2779 3692 si

489 3741 585 3810 illi
624 3751 828 3812 arcte
895 3764 1050 3811 cum
1107 3742 1447 3832 cuiusque
1504 3740 1693 3810 vasis
1749 3763 1877 3809 usu
1944 3738 2393 3819 cohaereant,
2461 3741 2533 3810 id
2586 3741 2777 3832 quod

491 3860 794 3931 maxime
861 3861 1095 3931 evenit
1159 3861 1228 3930 in
1303 3859 1604 3931 lucernis
1675 3869 1742 3929 et
1809 3857 2286 3943 candelabris3
2374 3879 2554 3949 quae
2625 3860 2777 3930 avis

490 3978 776 4073 perinde
814 3979 882 4049 in
930 3978 1372 4073 sarcophagis
1418 3989 1487 4049 et
1526 3978 1745 4072 cippis
1791 3999 1912 4071 pro
1957 3977 2130 4050 lucis
2171 3978 2421 4049 Orcum
2467 3989 2777 4049 noctem-

489 4121 625 4191 que
680 4099 1020 4170 vincentis
1074 4098 1392 4192 symbolo
1432 4098 1637 4169 valde
1683 4097 1935 4169 idonee
1983 4096 2284 4167 adhibita
2330 4098 2526 4167 foret.
2636 4098 2773 4169 Sed

488 4219 667 4291 bene
708 4239 959 4288 caveas
1015 4240 1101 4287 ne
1157 4218 1325 4287 tales
1378 4218 1466 4288 ad
1521 4241 1631 4288 res
1676 4218 2019 4288 coelestes
2065 4217 2515 4309 pertinentias
2563 4219 2771 4288 etiam

488 4339 623 4410 illic
678 4337 981 4430 reperire
1036 4336 1157 4406 tibi
1215 4335 1498 4408 videare
1555 4336 1667 4406 ubi
1728 4337 1897 4408 istae
1946 4356 2141 4407 suam
2197 4335 2458 4409 habere
2510 4335 2773 4428 signifi-
