2970 5100
1286 477 1376 547 71

282 675 380 757 42)
429 683 488 736 V.
537 699 587 737 c.
637 698 788 752 quae
834 688 969 738 sunt
1014 685 1073 739 in
1122 688 1258 742 nolo
1305 690 1689 741 monumento
1734 685 1998 743 Xanthia.

283 782 381 855 43)
428 785 488 839 V.
539 800 589 840 c.
640 784 1106 841 Chabouillet
1148 787 1459 856 Cantalogue
1507 787 1745 856 general
1794 793 1851 842 et
1897 789 2188 843 raisonne.
2236 805 2291 858 p.
2330 790 2472 845 590.

187 901 248 939 n.
289 887 468 952 3327,
520 887 725 945 Gerh.
775 889 810 942 l.
858 904 907 943 o.
956 890 1018 944 ΙΙ.
1066 886 1180 944 tab.
1229 888 1383 945 XCV.
1427 889 1592 945 XCVI
1640 895 1695 945 et
1742 891 1942 947 CLXX.

282 985 378 1058 44)
424 989 658 1045 Praeter
704 1006 770 1044 ea
820 993 1085 1062 exempla
1135 1007 1285 1060 quae
1333 996 1560 1046 exstant
1601 994 1659 1047 in
1692 994 1938 1049 Denkm.
1974 993 2029 1048 d.
2066 994 2159 1048 alt.
2192 994 2256 1048 K.
2302 1008 2475 1049 men-a

184 1090 265 1143 tio
314 1095 534 1146 tantum
584 1092 679 1146 fiat
724 1095 874 1148 vasis
919 1093 1075 1163 quod
1125 1099 1212 1148 est
1255 1111 1345 1164 ap.
1398 1093 1482 1149 de
1534 1096 1745 1151 Witte
1791 1097 1825 1151 l.
1866 1112 1916 1151 o.
1965 1114 2026 1168 p.
2064 1098 2138 1151 62
2167 1110 2255 1165 sq.
2289 1110 2347 1149 n.
2376 1097 2473 1161 60,

185 1208 310 1262 quo
359 1194 488 1249 loco
532 1196 592 1248 in
639 1196 931 1251 Minervae
977 1201 1140 1252 scuto
1185 1196 1463 1254 collocata
1510 1203 1614 1253 est.
1844 1193 1847 1197 ’

280 1288 380 1371 45)
426 1297 486 1351 V.
536 1297 882 1353 Welcker.
933 1300 1164 1355 Griech.
1213 1300 1579 1355 Gotterlehre
1628 1301 1727 1368 m.
1763 1303 1812 1354 4.
1862 1317 1917 1370 p.
1961 1301 2098 1355 472.

286 1392 383 1474 46)
430 1399 491 1452 V.
541 1415 592 1453 e.
639 1417 688 1454 c.
737 1417 873 1455 vasa
922 1418 1071 1472 quae
1119 1407 1256 1457 sunt
1301 1420 1392 1473 ap.
1444 1404 1804 1457 Levezow.
1856 1403 2046 1458 Ueber
2094 1402 2195 1458 das
2244 1404 2474 1473 Gorgo-

180 1501 464 1557 nenideal
510 1502 623 1557 tab.
673 1505 735 1558 Π.
784 1519 840 1557 n.
895 1505 967 1558 24
1020 1509 1077 1559 et
1121 1506 1329 1561 Gerh.
1378 1506 1413 1560 l.
1463 1523 1514 1561 c.
1563 1508 1603 1561 1.
1654 1504 1771 1561 tab.
1825 1505 2147 1562 LXXXVIII.

281 1596 380 1678 47)
431 1603 656 1659 Griiber
701 1604 806 1661 der
850 1607 1127 1667 Hellenen
1175 1607 1288 1662 tab.
1337 1608 1467 1663 LIX.

280 1702 380 1777 48)
426 1706 865 1778 Beschreibung
912 1708 966 1763 d.
1017 1709 1095 1764 St.
1144 1711 1289 1769 Rom
1337 1711 1426 1766 111.
1479 1715 1533 1765 3.
1579 1728 1637 1784 p.
1675 1713 1815 1766 489.
1865 1727 1922 1767 n.
1962 1714 2016 1766 6.

1211 1962 1278 2057 ς.
1388 1949 1498 2032 7.·

278 2119 330 2189 4)
373 2120 571 2175 Efficla
633 2137 722 2190 ap.
784 2121 1291 2190 lnghiramium
1352 2122 1496 2176 MuS.
1559 2121 1669 2177 Etr.
1734 2120 1810 2176 lb.
1855 2120 2062 2175 XXXlll
2128 2126 2185 2174 et
2237 2120 2467 2184 XXX1V,

182 2223 415 2279 Mieal.
462 2222 894 2278 Monum.ined.
946 2222 1022 2279 th.
1054 2223 1208 2289 ΧΧΙΙ,
1255 2224 1608 2279 Levezow
1651 2222 1845 2278 Ueher
1890 2222 1984 2277 die
2033 2223 2472 2292 Entwickelung

179 2327 290 2379 des
339 2324 844 2392 Gorgonenideals
887 2327 943 2385 in
996 2326 1100 2381 der
1144 2327 1350 2382 Poesie
1396 2325 1518 2382 und
1567 2324 1889 2380 bildenden
1937 2326 2122 2379 Kunst
2167 2324 2271 2381 der
2305 2324 2473 2383 Alton

175 2424 327 2498 (Act.
374 2442 490 2482 soc.
537 2428 674 2496 Reg.
723 2427 909 2482 Bet-ol.
957 2429 1160 2483 scient.
1212 2428 1517 2498 pha-hist.
1553 2428 1623 2483 el.
1678 2421 1862 2501 4833)
1910 2427 1986 2481 th.
2013 2430 2051 2482 1.
2103 2443 2158 2481 n.
2198 2431 2250 2492 3,
2298 2427 2474 2483 miil-

174 2529 268 2585 ler
315 2530 436 2585 und
488 2531 856 2587 Wieseler
900 2531 1144 2590 Denkm.
1193 2530 1247 2585 d.
1295 2530 1387 2587 alt.
1434 2531 1498 2587 K.
1547 2533 1583 2586 1.
1636 2530 1716 2588 tb.
1764 2530 1906 2587 LVll.
1958 2545 2015 2586 n.
2068 2533 2206 2588 280.
2309 2529 2470 2599 Quae

175 2632 433 2703 amplius
479 2632 551 2687 de
597 2649 663 2687 ea
710 2634 922 2703 scripta
967 2639 1105 2690 sunt
1148 2651 1200 2688 v.
1248 2635 1305 2687 in
1354 2634 1421 2687 iis
1469 2648 1619 2703 quae
1668 2634 1741 2688 de
1790 2635 2065 2703 Gorgone
2127 2649 2233 2702 ego
2280 2632 2473 2688 disse-

180 2736 273 2790 rui
326 2736 359 2789 l.
413 2751 460 2790 c.
510 2735 558 2807 ξ.
611 2739 706 2801 29,
754 2752 808 2805 p.
863 2737 1000 2790 442.

272 2830 334 2913 2)
379 2836 412 2891 l.
460 2854 510 2893 c.
557 2855 613 2908 p.
666 2839 762 2893 34.

273 2938 332 3010 3)
380 2941 438 2995 V.
500 2940 672 2995 huius
728 2940 926 3007 galeae
991 2940 1205 2995 formas
1263 2941 1322 2994 in
1387 2938 1501 2995 lab.
1561 2938 1636 2994 ad
1687 2941 1748 2995 K.
1799 2940 1857 2994 F.
1904 2940 2293 3012 Hermann:
2366 2942 2470 2997 Die

179 3041 592 3113 Hadeskappe.

277 3144 334 3214 4)
383 3144 581 3202 Efficta
615 3161 703 3214 ap.
743 3144 1142 3214 {ughirami
1190 3144 1224 3199 l.
1260 3160 1308 3200 c.
1361 3143 1434 3198 lll.
1487 3143 1562 3198 lb.
1595 3144 2041 3200 xxm-xxvu.
2113 3146 2471 3201 Levezow.

180 3249 217 3303 l.
256 3264 307 3303 c.
359 3246 542 3302 tab.1.
593 3261 648 3302 n.
688 3250 719 3303 2
771 3252 828 3301 et
870 3246 1126 3301 Mfiller
1174 3262 1224 3300 u.
1277 3246 1627 3301 Wieseler
1673 3248 1705 3300 l.
1742 3263 1791 3301 c.
1838 3249 1878 3302 l.
1928 3246 2040 3301 lab.
2077 3247 2202 3302 LlX.
2249 3250 2472 3317 ρ.298.

273 3343 336 3422 5)
384 3349 442 3403 V.
493 3350 966 3404 enumerationes
1009 3364 1159 3418 quae
1206 3346 1341 3403 dedi
1386 3349 1445 3402 in
1494 3348 1563 3402 iis
1609 3365 1762 3418 quae
1813 3347 1887 3403 de
1935 3348 2209 3418 Gorgone
2267 3351 2474 3421 sor-ipsi

177 3455 212 3507 l.
271 3468 325 3507 o.
375 3451 425 3522 ἓ.
477 3454 571 3507 52.
620 3468 675 3521 p.
729 3452 1082 3508 432-434.

266 3554 331 3621 6)
379 3555 436 3609 V.
496 3554 759 3624 exempla
820 3553 876 3606 in
939 3552 1135 3608 libello
1185 3568 1342 3608 tneo:
1418 3554 1533 3608 Der
1592 3567 1928 3609 marmorne
1987 3552 2476 3623 Himmelsglobus

175 3658 291 3714 des
342 3657 524 3716 siit-su.
580 3654 764 3710 Wald.
814 3654 1196 3710 Antikencab.
1242 3672 1298 3725 p.
1344 3657 1439 3714 54.

270 3758 331 3825 7)
377 3757 887 3827 Ειιτιννὲῃςὶθῐ·
935 3758 1037 3811 Die
1087 3756 1221 3813 ldee
1272 3757 1377 3812 des
1422 3756 1614 3812 Todes
1659 3773 1716 3827 p.
1758 3760 1894 3814 434.

269 3854 333 3934 8)
380 3862 439 3916 V.
490 3861 702 3930 Piper
761 3853 994 3935 (Gesch.
1044 3858 1147 3915 der
1191 3860 1543 3929 mythologie
1588 3858 1707 3913 und
1756 3857 2058 3929 Symbolik
2107 3857 2211 3912 der
2258 3859 2472 3914 christl.

170 3966 373 4020 Kunst
418 3965 454 4016 l.
504 3980 559 4032 p.
599 3964 670 4017 37
685 3960 774 4030 5):
845 3961 1247 4026 „nachtliches
1292 3960 1702 4032 Mondsymbol
1746 3961 2044 4016 zwischen
2094 3959 2207 4015 den
2256 3961 2475 4029 Vogeln

172 4066 290 4122 des
323 4063 586 4133 Apono-¹⁴,
637 4066 679 4119 G
705 4065 879 4120 erha
902 4064 978 4117 vd
1015 4069 1072 4117 en.
1105 4065 1189 4118 Pa
1212 4063 1431 4118 norka
1466 4048 1753 4134 (Neape'l's
1785 4062 1978 4117 antike
2011 4061 2214 4118 Budw.
2251 4079 2303 4133 p.
2338 4061 2471 4134 em:

170 4170 340 4234 „Das
385 4165 874 4222 Mondeszeichen
923 4166 1221 4220 zwischen
1268 4164 1383 4219 den
1432 4165 1649 4235 vogeln
1685 4166 1791 4221 des
1821 4165 2026 4236 Apollo
2075 4165 2144 4219 ist
2190 4166 2324 4219 eine
2368 4180 2475 4233 ge-

168 4267 519 4325 wbhnliche
568 4269 1153 4338 cippusverzierung‚
1203 4266 1295 4322 die
1342 4282 1475 4322 man
1523 4270 1715 4338 witzig
1760 4269 1849 4323 fiir
1893 4266 1986 4322 die
2019 4267 2288 4336 Klugheit
2328 4270 2474 4332 zwi÷

169 4372 367 4429 seben
400 4370 735 4440 elegischen
768 4369 1034 4441 Sfingern
1067 4369 1278 4425 erklzirt
1309 4370 1464 4425 hat.“
1556 4370 1633 4426 Cf.
1670 4368 1991 4427 Gerhard
2034 4370 2093 4425 in
2128 4369 2475 4436 „Beschrei-
