2970 5100
1631 432 1724 505 50

532 646 717 706 tutus
783 638 1140 727 malosque
1210 634 1592 708 daemonas
1661 637 2121 717 avertendos,
2202 648 2408 728 atque
2464 638 2534 707 in
2589 638 2830 730 supel-

531 756 758 826 lectile
813 756 1137 846 vasisque
1186 755 1368 826 vitae
1414 756 1661 827 fructui
1718 755 2259 828 inservientibus
2307 758 2608 826 maxime
2650 756 2830 826 illud

530 872 763 943 talium
825 876 1157 945 malorum
1228 874 1766 946 avertendorum
1833 877 2306 946 adiumentum
2373 877 2672 946 salutare
2748 896 2830 945 ac

530 994 997 1064 necessarium
1048 1014 1228 1073 esse,
1281 994 1348 1062 in
1400 994 1652 1084 quibus
1700 996 1955 1089 quippe
2006 996 2172 1088 ipsis
2223 995 2642 1087 usurpandis
2707 1017 2831 1088 po-

529 1093 868 1185 tissimum
918 1114 1339 1183 excitaretur
1395 1113 1674 1184 invidia.
1781 1116 2015 1184 Lunae
2064 1136 2143 1184 os
2193 1114 2561 1204 Gorgoneo
2607 1115 2831 1205 signi-

527 1230 716 1304 ficari
773 1233 1089 1302 nimirum
1147 1235 1214 1302 In
1270 1252 1352 1302 ea
1399 1254 1474 1303 re
1521 1232 1704 1326 apud
1750 1234 2017 1304 animos
2070 1255 2352 1326 prorsus
2400 1234 2830 1304 exstinctum

527 1363 668 1437 est3
738 1374 917 1443 quae
988 1373 1099 1422 res
1167 1351 1526 1422 dumtaxat
1598 1350 1711 1422 hic
1777 1353 1914 1423 illic
1983 1352 2230 1423 leniter
2284 1353 2582 1443 tangitur
2634 1353 2828 1423 ludis

529 1473 732 1543 unius
783 1472 1156 1542 alteriusve
1212 1471 1492 1563 pictoris
1545 1472 1658 1562 qui
1717 1471 2140 1564 serpentium
2193 1472 2633 1562 Gorgoneum
2693 1473 2830 1542 cir-

527 1591 1111 1680 cumcingentium
1149 1612 1509 1660 numerum
1547 1589 1634 1660 ad
1684 1591 1942 1661 mensis
1988 1589 2101 1660 vel
2144 1588 2601 1682 hebdomadis
2638 1612 2828 1682 quos

526 1710 684 1779 luna
742 1708 1137 1783 moderatur
1190 1709 1342 1779 dies
1380 1707 1443 1803 6)
1500 1710 2055 1781 accomodarent.
2186 1708 2600 1799 Ceteroquin
2654 1710 2826 1778 sim-

528 1829 792 1922 pliciter
837 1849 961 1921 pro
1001 1827 1389 1900 formidinis
1435 1829 1735 1920 quadam
1781 1829 2078 1919 imagine
2134 1827 2435 1917 ideoque
2486 1828 2824 1908 amuleto,

526 1958 596 2018 et
647 1969 733 2019 eo
787 1947 1068 2039 quidem
1125 1948 1314 2018 iuxta
1381 1946 1680 2042 phallum
1735 1949 1847 2016 vel
1904 1968 2106 2041 supra
2173 1947 2361 2016 illum
2417 1943 2826 2020 efficacissi-
2927 2016 2928 2021 ,

527 2087 681 2148 mo,
740 2066 1225 2160 usurpabatur.

728 2187 802 2255 In
868 2185 1120 2277 quibus
1189 2186 1379 2257 ansis
1433 2187 1801 2276 Gorgoneo
1868 2184 2298 2276 superiorem
2357 2195 2474 2254 aut
2535 2185 2826 2256 inferio·
2927 2204 2928 2241 ÷

526 2326 670 2376 rem
728 2305 953 2377 locum
1008 2315 1289 2376 tenente
1346 2305 1413 2373 in
1483 2304 1826 2375 contraria
1881 2315 2073 2396 parte
2125 2304 2445 2375 animalia
2503 2305 2616 2376 vel
2670 2307 2824 2375 ani-

528 2425 804 2495 malium
858 2425 1078 2517 capita
1125 2446 1286 2495 esse
1335 2425 1593 2494 solent:
1651 2424 1716 2492 in
1767 2422 2019 2515 quibus
2065 2424 2434 2517 praecipue
2475 2445 2558 2494 ac
2603 2448 2824 2519 prope

526 2544 729 2615 unice
782 2554 944 2616 sunt
997 2543 1161 2635 equi
1218 2553 1285 2613 et
1339 2543 1561 2637 cycni.
1670 2542 1795 2614 Hic
1863 2542 2158 2636 primum
2230 2544 2476 2637 prioris
2535 2546 2820 2635 generis

527 2663 890 2734 nonnullas
941 2662 1178 2742 affero,
1236 2663 1460 2733 solum
1515 2663 1829 2734 Museum
1885 2663 2051 2753 Reg.
2099 2664 2651 2757 Neapolitanum,
2716 2664 2819 2735 bis
2925 2705 2926 2716 κ

526 2782 736 2853 rebus
789 2782 1272 2875 copiosissime
1329 2782 1773 2862 instructum,
1844 2780 2219 2863 adhibens,
2287 2792 2430 2853 tum
2485 2784 2817 2854 nonnulla

524 2902 698 2973 alius
745 2902 1207 2995 possessionis
1262 2912 1703 2971 monumenta
1759 2902 2116 2973 adiiciens.

617 3018 671 3101 t)
718 3023 1007 3090 „Grosses
1053 3022 1402 3078 Lokriscbes
1432 3022 1638 3079 Gefass
1685 3024 1787 3078 mit
1832 3022 1956 3078 drei
2001 3022 2280 3088 Henkeln‚
2325 3024 2405 3078 im
2449 3025 2669 3079 Inuern
2721 3026 2821 3079 mit

520 3125 973 3196 Medusenkopf3
1023 3127 1102 3180 im
1130 3123 1426 3180 Aeussern
1473 3126 1570 3179 ein
1614 3123 1952 3194 gessfigelter
1997 3124 2440 3197 Medusenkopf.
2528 3127 2816 3182 Derselbe

519 3230 594 3284 ist
635 3230 739 3283 mit
780 3226 1182 3283 ssetschenden
1226 3228 1462 3283 Zahnen
1512 3227 1633 3282 und
1677 3228 2251 3297 herausgestreckter
2290 3230 2487 3298 Zunge
2523 3228 2812 3298 gebildet3

524 3332 614 3387 ihr
657 3331 844 3401 Haupt
890 3330 1184 3386 erscheInt
1227 3329 1521 3400 abgelost3
1596 3328 1741 3385 aber
1789 3332 1891 3384 mit
1934 3329 2050 3384 den
2097 3331 2175 3384 im
2218 3330 2429 3400 Kampf
2472 3329 2577 3385 des
2626 3331 2814 3386 Todes

522 3448 712 3503 gegen
774 3433 869 3488 die
926 3433 1094 3486 Brust
1151 3432 1506 3500 gewandten
1566 3431 1778 3487 Armen
1825 3431 2152 3488 oberwarts
2199 3433 2348 3487 zwei
2394 3432 2814 3503 hervorsprin-
2921 3425 2922 3432 '

522 3534 715 3604 gende
759 3533 1024 3590 Pserde.“
1123 3533 1452 3590 Gerhard
1515 3534 1633 3589 und
1693 3534 2011 3590 Panofka
2072 3534 2323 3604 Neapels
2369 3534 2560 3589 antike
2608 3536 2810 3591 Bildw.

521 3655 578 3709 p.
633 3640 784 3705 ⁴943
861 3637 1114 3691 effictum
1178 3637 1331 3692 Real.
1391 3637 1534 3692 Mus,
1595 3636 1847 3692 Borbon.
1893 3638 1981 3692 111.
2044 3637 2159 3692 tab.
2207 3636 2374 3703 LXII,
2452 3638 2814 3694 Wieseler

525 3740 774 3798 Denkm.
824 3738 878 3794 d.
931 3739 1085 3794 alten
1133 3739 1319 3794 Kunst
1358 3741 1421 3795 ΙΙ.
1468 3739 1530 3793 V.
1575 3738 1690 3794 tab.
1738 3739 1942 3795 LXXII.
1990 3754 2047 3793 n.
2099 3742 2238 3794 900.
2284 3756 2340 3809 p.
2391 3741 2522 3805 54„
2572 3740 2645 3795 cf.
2696 3742 2814 3795 Pa-

520 3843 734 3899 nofka
778 3840 977 3899 Musee
1021 3842 1221 3897 Blacas
1268 3858 1322 3913 p.
1377 3844 1471 3908 35,
1533 3843 1675 3897 Dux
1723 3842 1807 3896 de
1854 3843 2137 3912 Luynes
2183 3840 2399 3897 Etudes
2442 3843 2814 3898 numismati·

522 3961 671 4017 ques
724 3961 779 4015 p.
823 3946 921 4000 62.

611 4044 668 4120 2)
712 4044 977 4101 eiusdem
1025 4047 1288 4115 generis,
1339 4047 1488 4101 infra
1536 4046 1940 4117 Gorgoneum,
1992 4061 2168 4117 supra
2215 4045 2332 4101 duo
2379 4062 2671 4118 equorum
2720 4053 2814 4103 aut

520 4151 814 4205 mulorum
861 4148 1043 4218 capita
1090 4148 1378 4218 collaque.
1466 4148 1623 4204 Real.
1672 4150 1814 4204 Mus,
1865 4146 2035 4203 Borb.
2084 4149 2169 4203 111.
2217 4146 2332 4203 tab.
2361 4149 2563 4206 XLVII.
2615 4167 2670 4204 n.
2715 4153 2767 4206 3.

610 4250 665 4322 3)
717 4251 773 4322 4)
818 4250 1252 4319 ‚‚ZweIKr1'ige‚
1301 4249 1485 4305 deren
1531 4250 1749 4306 Henkel
1799 4250 2124 4307 oberwarts
2168 4251 2228 4304 in
2260 4250 2647 4323 PIerdekopfe
2687 4251 2809 4307 und
2917 4237 2918 4252 ¹

522 4359 704 4409 unten
748 4355 812 4409 in
854 4352 1323 4422 nedusenhaupt
1364 4353 1724 4422 ausgehen.“
1810 4354 2024 4410 Gerh.
2073 4369 2129 4408 u.
2175 4352 2337 4409 Pan.
2383 4353 2419 4408 l.
2467 4369 2516 4410 c.
2563 4371 2623 4425 p.
2662 4356 2806 4409 ⁴75.
