2970 5100
1337 444 1431 516 113

237 651 453 743 piam,
540 652 841 722 maxime
894 652 1081 730 avis,
1162 650 1426 741 effigies
1480 670 1962 741 non-prorsus
2015 670 2170 716 cum
2228 646 2515 715 naturali

234 771 386 840 eius
455 774 690 865 specie
759 771 1186 842 conveniens
1252 781 1322 839 ut
1390 771 1498 838 illa
1569 769 2035 838 abstineamus
2102 789 2237 836 non
2307 766 2515 838 debet

233 887 535 960 efficere.

440 1010 673 1079 Persei
734 1032 868 1078 uno
922 1033 1102 1100 genu
1164 1009 1430 1102 pronixi
1493 1009 1714 1096 imago
1771 1008 1948 1076 inter
2006 1007 2264 1097 aliquot
2338 1008 2513 1076 refe-

234 1129 447 1198 renda
506 1139 610 1198 est
659 1130 992 1220 imagines
1047 1151 1226 1219 quae
1281 1149 1485 1219 quam
1546 1129 1844 1197 maxime
1900 1129 2302 1197 festinantes
2355 1139 2512 1197 ante

234 1250 474 1319 oculos
533 1261 934 1341 proponant.
1041 1249 1236 1318 Tales
1291 1272 1356 1316 v.
1401 1270 1457 1317 c.
1512 1248 1869 1337 Gorgones
1916 1269 2193 1317 sorores
2241 1248 2515 1339 conspi-

232 1368 422 1436 ciunt
463 1368 602 1437 ursi
658 1391 1120 1461 praepropero
1163 1391 1365 1438 cursu
1420 1368 1677 1436 sororis
1719 1367 2227 1436 interfectorem
2281 1389 2513 1459 perse-

235 1499 575 1577 quuntur3
650 1489 818 1559 tales
873 1491 1075 1559 etiam
1138 1509 1404 1579 pugnae
1458 1488 1837 1557 daemones
1891 1486 2007 1577 qui
2061 1487 2170 1555 vel
2231 1486 2514 1556 incitan-

236 1618 340 1675 tes
408 1590 759 1675 certamen
833 1609 941 1676 vel
1013 1596 1417 1676 dirimentes
1487 1605 1858 1696 aliquando
1930 1605 1994 1673 in
2065 1606 2322 1675 veteris
2377 1606 2513 1675 stili

232 1727 421 1796 vasis
479 1726 937 1795 inveniuntur.
1046 1725 1471 1816 Quamquam
1519 1737 1623 1795 est
1671 1724 1785 1793 ubi
1839 1725 1951 1793 ille
1997 1722 2272 1794 habitus
2321 1725 2512 1815 quie-

233 1845 320 1913 tis
379 1845 443 1912 in
503 1858 768 1938 tempus
815 1855 969 1938 post
1016 1866 1279 1935 magam
1327 1846 1837 1914 contentionem
1889 1855 2198 1936 sumptae
2242 1844 2510 1933 signum

233 1961 627 2033 habendum
679 1964 786 2042 sit,
845 1966 1040 2034 cuius
1097 1966 1192 2033 rei
1248 1965 1566 2033 Mercurii
1616 1985 1769 2034 cum
1823 1963 2170 2055 marsupio
2214 1963 2514 2053 sigillum

232 2085 589 2175 exemplar
641 2082 898 2174 est27),
957 2096 1160 2175 atque
1216 2083 1326 2153 hic
1381 2084 1610 2153 Persei
1664 2105 1842 2173 genu
1904 2083 2046 2150 nixi
2098 2103 2249 2151 earn
2307 2082 2513 2152 inter-

234 2205 689 2295 pretationem
734 2225 892 2274 esse
939 2204 1138 2273 facile
1188 2204 1656 2295 putaverimus
1698 2214 1787 2281 ut,
1844 2201 2009 2270 dum
2066 2203 2322 2272 Graeas
2380 2201 2512 2271 sibi

232 2323 383 2391 vias
438 2322 904 2402 sciscitentur,
988 2324 1051 2391 in
1124 2324 1453 2415 temporis
1523 2333 1944 2392 momentum
2011 2322 2098 2389 ab
2154 2322 2512 2391 itineribus

232 2453 301 2511 et
354 2441 705 2512 laboribus
760 2462 842 2512 ac
894 2443 1268 2512 certamine
1323 2443 1669 2534 quiescat-3
1745 2463 1987 2510 verum
2048 2441 2111 2510 id
2166 2441 2354 2532 quod
2408 2452 2510 2512 est

231 2562 471 2631 verius
521 2585 796 2632 sumere
846 2560 1007 2630 mihi
1059 2563 1304 2632 videor
1349 2564 1405 2633 si
1451 2562 1628 2632 hanc
1686 2563 2000 2632 usitatam
2058 2564 2208 2632 eius
2259 2562 2373 2652 qui
2432 2562 2517 2631 sit

234 2704 500 2753 summa
560 2683 947 2761 celeritate,
1019 2682 1404 2752 festinantia
1476 2702 1906 2775 propereque
1976 2683 2132 2770 fuga
2204 2680 2514 2772 insignis,

233 2804 455 2894 qualis
515 2813 662 2871 erat
716 2803 1045 2880 Perseus,
1104 2801 1440 2871 formandi
1499 2802 1832 2871 rationem
1893 2801 2269 2870 statuerim.

440 2922 772 2991 Barbatus
831 2922 896 2989 in
953 2945 1018 2989 n.
1078 2921 1118 2990 [ι
1176 2921 1467 2992 Perseus
1524 2922 1590 2989 in
1652 2921 1903 2991 veteris
1960 2922 2091 2991 stili
2149 2922 2514 2992 vasismi-

234 3065 349 3110 rus
402 3063 561 3110 esse
616 3063 749 3109 non
812 3050 1064 3133 potest3
1123 3039 1246 3110 sed
1303 3041 1521 3111 verbo
1579 3053 1785 3131 egent
1836 3039 2280 3111 humerorum
2336 3062 2516 3132 quae

231 3160 293 3229 ei
351 3159 415 3228 in
479 3184 540 3227 n.
589 3160 785 3229 3-6
843 3159 1231 3229 tribuuntur
1285 3160 1456 3239 alae,
1515 3183 1672 3229 eum
1734 3161 2005 3253 proprie
2068 3160 2318 3252 pedum
2370 3172 2514 3229 tan-

232 3291 373 3348 tum
429 3281 578 3348 alae
636 3279 697 3348 ei
755 3279 1198 3358 deberentur,
1257 3301 1435 3369 quae
1484 3291 1553 3348 et
1603 3282 1815 3371 ipsae,
1873 3302 2026 3349 cum
2081 3292 2234 3371 post
2283 3279 2347 3349 id
2392 3279 2513 3349 de-

208 3383 414 3466 mum
470 3399 659 3489 quod
719 3398 782 3466 in
840 3399 1079 3468 Graeis
1134 3410 1445 3488 gesserat
1502 3399 1565 3468 ei
1619 3421 1656 3467 a
1717 3398 2036 3492 nymphis
2092 3399 2293 3468 datae
2354 3400 2510 3479 sint,

228 3530 574 3607 tamquam
636 3540 709 3587 re
764 3519 983 3587 futura
1047 3528 1408 3611 praecepta
1467 3516 1666 3589 fictae
1727 3519 1968 3588 forent.
2096 3519 2302 3609 Atqui
2361 3518 2514 3588 illae

224 3635 674 3706 humerorum
725 3638 874 3706 alae
936 3660 1068 3706 non
1127 3639 1377 3706 sactum
1431 3652 1538 3709 est
1585 3638 1714 3707 nisi
1757 3636 2069 3708 fictorum
2113 3637 2398 3706 arbitrio
2444 3647 2515 3707 ut

223 3756 649 3825 adderentur
710 3756 794 3825 ad
867 3757 1287 3826 celeritatem
1363 3758 1515 3826 eius
1581 3779 1786 3847 quem
1855 3757 2206 3825 formaturi
2279 3768 2511 3826 essent

223 3876 477 3945 clarius
536 3875 1028 3945 illustrandam.
1150 3876 1279 3958 Qui
1337 3875 1623 3967 perinde
1676 3877 1935 3947 alarum
1994 3875 2510 3946 tribuendarum

225 3993 553 4088 prodigos
602 3995 666 4063 in
712 3997 1153 4084 Gorgonibus
1210 4019 1368 4065 sese
1421 3996 1939 4088 praestiterunt3
1999 3996 2064 4064 in
2106 4018 2244 4086 quo
2288 3996 2512 4066 minus

220 4116 312 4185 de
384 4114 624 4205 capitis
697 4136 876 4206 quae
944 4116 1247 4205 Gorgoni
1302 4116 1634 4185 Medusae
1703 4116 2031 4185 darentur
2093 4116 2219 4184 alis
2269 4117 2512 4204 cogito

220 4254 427 4325 quam
496 4233 585 4302 de
658 4235 855 4303 alatis
924 4236 1074 4304 eius
1145 4236 1503 4305 sororibus
1559 4236 1888 4306 Perseum
1958 4234 2508 4327 insequentibus,

219 4352 477 4445 quibus
544 4375 683 4423 non
764 4353 968 4423 modo
1042 4353 1485 4425 humerorum
1560 4356 1683 4427 sed
1758 4355 1961 4425 etiam
2037 4355 2289 4449 pedum
2360 4356 2510 4425 alae
