2970 5100
1365 1469 1942 1537 TESTIMONIA.

1527 1738 1593 1833 ς.
1709 1743 1772 1809 1.

601 1896 654 1970 4)
697 1895 927 1954 Hesiod.
977 1896 1191 1965 Theog.
1242 1897 1395 1962 273,
1445 1893 1610 1950 Ovid.
1655 1895 1882 1950 Metam.
1931 1897 2018 1952 lv.
2069 1897 2187 1952 773
2237 1900 2497 1969 geminas
2543 1920 2810 1972 sororeS.

502 2001 712 2072 'Hygia
762 1996 916 2054 Poet.
957 2002 1174 2053 astron.
1212 2000 1274 2054 11.
1317 2001 1388 2054 42
1438 2002 1706 2067 utraque,
1757 1997 1993 2054 Tzetzes
2039 2001 2098 2054 in
2145 2001 2456 2071 theogonia
2503 2021 2535 2060 e
2581 2005 2812 2062 biblio-

508 2104 676 2159 theca
724 2101 1100 2157 Casanatensi
1146 2101 1298 2156 edIta
1344 2117 1375 2155 a
1420 2099 1744 2157 Bekkero
1788 2101 1850 2154 in
1895 2103 2035 2157 actis
2081 2103 2375 2159 societatis
2421 2106 2558 2176 Reg.
2608 2108 2807 2165 Berol.

506 2206 917 2271 scientiarum,
983 2205 1052 2259 cl.
1103 2202 1419 2274 hist.-pbil.
1466 2204 1645 2261 4840.
1693 2219 1751 2273 p.
1806 2205 1943 2258 454.
1993 2222 2046 2260 ν.
2101 2207 2250 2260 44οε
2318 2203 2453 2272 ταῖς
2498 2202 2813 2283 ἀδελφαῖς

507 2304 642 2373 ταῖς
670 2299 844 2385 δύω,
897 2304 974 2388 τῇ
1014 2299 1251 2365 Ἑννυοῒ
1288 2302 1391 2362 καὶ
1438 2300 1795 2381 Πεφρηὸοἶ.
1850 2335 1925 2346 -
2002 2306 2272 2363 lacobii
2315 2290 2570 2385 (Mythol.
2621 2311 2811 2367 Wor-

508 2409 754 2467 terbuch
794 2427 850 2480 p.
877 2411 1017 2465 729.
1060 2424 1117 2462 n.
1160 2407 1212 2480 4)
1260 2423 1536 2475 errorem,
1585 2410 1685 2478 qui
1732 2425 1760 2462 a
1810 2408 2237 2465 recentioribus
2281 2413 2516 2482 saepius
2559 2414 2811 2471 iteratus

511 2516 625 2579 est,
695 2512 860 2583 quasi
904 2512 1148 2567 Nonnus
1192 2511 1446 2581 (Dionys.
1494 2508 1681 2576 XXXI,
1737 2507 1831 2582 45)
1892 2525 2067 2567 unam
2115 2515 2338 2569 tantum
2385 2514 2632 2572 Graeam
2683 2532 2807 2574 no-

512 2620 661 2680 scat,
710 2599 1071 2670 ¹Wiescler
1115 2608 1196 2689 (in
1240 2613 1537 2683 Philologo
1582 2612 1668 2678 IX,
1720 2630 1776 2683 p.
1827 2614 1945 2667 748
1997 2613 2104 2684 sq.)
2151 2616 2418 2671 correxit.

600 2712 657 2792 2)
703 2716 970 2787 Aeschyl.
1018 2716 1206 2770 Prom.
1255 2717 1428 2770 vinct.
1483 2717 1602 2771 794
1644 2731 1766 2784 seq.

602 2819 653 2887 3)
700 2819 864 2875 Ovid.
913 2820 1289 2889 Metamorph.
1324 2818 1409 2873 1v.
1447 2819 1557 2872 774
1593 2804 1745 2890 sed„
1796 2820 1865 2873 cf.
1917 2818 2150 2873 Servius
2197 2819 2266 2873 ad
2318 2820 2463 2891 virg.
2513 2820 2659 2877 Aen.
2710 2825 2803 2879 Vl.

517 2925 657 2977 289.
720 2954 788 2963 —-
852 2924 938 2977 De
996 2938 1062 2976 ea
1126 2922 1468 2992 quaestione
1531 2935 1782 2991 quanam
1843 2921 1973 2976 illae
2035 2922 2353 2977 Graearum
2417 2924 2588 2980 sedes
2647 2927 2798 2982 sitae

510 3026 686 3081 fuisse
743 3024 1083 3093 cogitandae
1139 3025 1253 3079 sint
1320 3040 1373 3076 v.
1432 3023 1493 3077 in
1550 3025 1716 3094 prim.
1837 3024 2167 3089 Volckcr,
2243 3025 2417 3094 Myth.
2469 3027 2680 3097 Geogr.
2743 3031 2786 3094 1,

510 3145 566 3197 p.
624 3132 696 3182 43
746 3142 870 3195 seq.

604 3223 657 3303 4)
705 3225 768 3285 ἐκ
809 3224 1048 3304 γενετῆς
1090 3220 1333 3292 πολιάς.
1426 3227 1552 3281 Hes.
1589 3227 1804 3297 Theog.
1843 3229 1978 3292 270,
2022 3224 2230 3303 γραῖαι
2276 3225 2335 3284 ἐκ
2380 3229 2624 3303 γενετῆς
2686 3234 2802 3287 Ze-

511 3332 724 3387 nobios
768 3334 828 3385 in
876 3331 958 3386 de
1003 3329 1330 3384 Leutsch.
1381 3329 1927 3385 et-Schneidew.
1978 3330 2360 3401 Parocmiogr.
2411 3349 2493 3401 gr.
2544 3334 2705 3388 Ceut.
2754 3338 2798 3390 1.

516 3437 623 3502 44ς
683 3437 854 3489 etiam
898 3411 1233 3504 Apollodor.
1280 3433 1347 3486 11.
1400 3434 1451 3498 4,
1501 3433 1571 3487 cf.
1624 3429 1871 3502 δηναιαὶ
1915 3427 2098 3507 κόραι
2144 3432 2352 3488 Aesch.
2403 3434 2490 3488 Pr.
2541 3453 2595 3489 v.
2647 3438 2796 3491 795.

602 3531 658 3611 5)
706 3537 948 3606 Hesych.
993 3553 1036 3591 s.
1073 3552 1124 3588 v.
1170 3529 1430 3610 Φορκίς.
1479 3528 1934 3607 μονόφθαλμος
1981 3522 2072 3604 (cf.
2126 3537 2482 3591 Wicselcr
2528 3538 2798 3595 Schcdae

512 3641 743 3695 criticae
791 3641 850 3692 in
894 3637 1103 3694 Aesch.
1150 3636 1340 3690 Prom.
1393 3637 1567 3691 vinci..
1614 3636 1794 3691 Index
1827 3637 2087 3694 scholar.
2137 3640 2294 3692 univ.
2346 3639 2599 3709 Gotting.
2647 3658 2797 3697 sem.

512 3749 651 3796 aest.
710 3743 887 3795 4860.
936 3759 990 3813 p.
1032 3742 1125 3794 49.
1175 3754 1231 3793 n.
1280 3732 1363 3814 4),
1416 3738 1606 3794 Schol.
1651 3738 1723 3792 ad
1768 3737 1928 3793 Pind.
1976 3740 2137 3794 Nem.
2186 3733 2251 3795 X.
2306 3744 2373 3806 6,
2438 3743 2677 3798 Tzetzes
2722 3745 2797 3799 ad

511 3847 797 3915 Lycophr.
847 3842 1226 3899 Cassandram
1281 3843 1417 3906 846,
1464 3841 1874 3897 Eratosthenes
1928 3843 2311 3897 Catasterism.
2365 3848 2458 3908 22,
2523 3845 2793 3902 Heraclii.

515 3947 587 4000 de
621 3945 943 4001 incredibil.
988 3946 1124 4010 XIII,
1160 3944 1485 4014 Palaephat.
1522 3942 1593 3997 de
1625 3941 1846 3999 incrcd.
1878 3944 2088 4010 XXXII,
2126 3944 2378 4002 Eudocia
2411 3947 2466 4001 in
2503 3946 2604 4001 (ΤΑ
2628 3964 2796 4004 nsse

515 4049 597 4103 de
645 4049 998 4104 Villoison
1047 4047 1250 4103 anecd.
1299 4061 1381 4115 gr.
1430 4063 1485 4116 p.
1530 4049 1645 4101 334
1683 4062 1823 4116 seq„
1874 4046 2038 4101 Ovid.
2086 4048 2442 4103 Metam-IV.
2480 4050 2620 4114 774,
2675 4053 2796 4122 Hy-

512 4154 626 4220 gin.
677 4152 831 4205 Poet.
881 4152 1026 4206 Astr.
1089 4154 1181 4205 44.
1237 4154 1330 4207 42.

602 4251 658 4325 6)
706 4253 972 4324 Aeschyl.
1022 4255 1109 4307 Pr.
1156 4272 1207 4307 v.
1258 4255 1398 4319 796,
1462 4251 1752 4307 Zenobiiis
1797 4257 1854 4306 et
1897 4231 2230 4322 Apollodor.
2279 4253 2313 4305 Ι.
2367 4269 2435 4318 c.,
2484 4253 2679 4308 Schol.
2731 4257 2792 4310 in

510 4355 696 4427 Apoll.
745 4355 927 4410 Rhod.
974 4355 1288 4426 Argonaut.
1338 4357 1424 4411 IV.
1480 4358 1658 4422 4545,
1707 4355 1941 4410 Tzctzes
1986 4355 2198 4424 Theog.
2250 4356 2284 4409 l.
2334 4371 2383 4408 c.
2434 4372 2483 4409 v.
2540 4357 2678 4411 444.
