2970 5100
1566 453 1661 525 22

473 673 579 731 tur
620 658 710 751 ¹8)
766 671 972 751 atque
1028 659 1093 727 in
1143 680 1378 731 earum
1437 661 1765 731 societate
1822 658 2169 728 invenitur
2204 655 2321 751 ¹9).
2431 658 2501 729 ld
2557 657 2758 728 deni-

473 803 606 873 que
675 780 933 872 aliquot
1006 779 1339 869 imagines
1427 779 1718 873 probant
1814 780 2205 868 Gorgonem
2284 800 2494 872 prope
2565 800 2760 847 mare

470 899 892 971 habitantem
946 919 1028 969 ac
1081 899 1485 969 certissimis
1540 899 1880 969 attributis
1932 897 2208 968 marinis
2266 908 2575 967 ornatam
2628 919 2758 967 ex-

470 1018 788 1090 hibentes
816 1015 940 1113 2θ).

698 1139 930 1228 ltaque
993 1137 1078 1208 ad
1137 1138 1510 1208 Graearum
1577 1147 1884 1206 naturam
1957 1137 2228 1229 penitus
2294 1133 2758 1225 indagandam

471 1258 592 1327 vix
642 1279 816 1351 opus
869 1278 1029 1327 esse
1074 1255 1349 1327 videtur
1395 1255 1845 1326 affirmatione
1888 1251 2341 1350 Eustathii21)
2397 1255 2565 1326 deas
2615 1275 2758 1322 1113-

473 1378 660 1449 rinas
715 1397 836 1447 eas
891 1398 1053 1446 esse
1105 1375 1418 1446 dicentis.

683 1496 816 1565 lam
863 1494 1319 1566 indicavimus
1370 1496 1435 1564 in
1492 1516 1572 1566 ea
1628 1516 1757 1586 qua
1813 1495 2010 1565 nobis
2066 1495 2176 1564 ille
2234 1492 2511 1587 mythus
2566 1517 2760 1565 nunc

472 1613 883 1685 obversatur
938 1616 1152 1684 forma
1210 1613 1373 1683 nihil
1429 1637 1633 1706 quam
1706 1616 2178 1708 repetitionem
2244 1614 2756 1687 vaticinationis

472 1732 585 1804 dei
638 1735 879 1803 marini
919 1734 1003 1802 vi*
1037 1734 1432 1827 impetratae
1488 1745 1691 1826 atque
1744 1745 2158 1805 monstratae
2210 1733 2400 1804 heroi
2456 1735 2755 1827 cuipiam

473 1852 649 1932 viae,
705 1853 930 1943 qualia
966 1853 1034 1922 in
1069 1852 1610 1944 uniuscuiusque
1653 1855 1847 1925 factis
1896 1855 2152 1924 narrari
2201 1876 2495 1925 necesse
2536 1864 2755 1934 esset,

474 1992 876 2064 expressam
933 1994 1128 2056 esse3
1215 1995 1455 2043 verum
1514 1995 1599 2043 eo
1655 1974 1869 2064 magis
1923 1973 2011 2043 ad
2068 1994 2217 2043 eam
2275 1972 2758 2065 quaestionem

475 2112 637 2159 num
692 2112 772 2160 ea
830 2114 903 2162 re
953 2093 1155 2161 etiam
1208 2093 1484 2163 intimus
1532 2092 1746 2187 mythi
1788 2115 2037 2164 sensus
2076 2093 2527 2174 contineatur,
2588 2116 2759 2163 num

474 2209 617 2301 ipsa
674 2210 823 2280 eius
872 2232 1133 2281 summa
1186 2234 1319 2282 non
1362 2212 1586 2305 potius
1636 2235 1918 2306 prorsus
1961 2212 2089 2281 alia
2138 2211 2244 2293 sit,
2314 2213 2763 2306 perducimur

474 2349 612 2419 quo
667 2349 745 2398 ea
802 2351 980 2420 quae
1027 2331 1324 2402 maxime
1368 2332 1738 2402 Graearum
1796 2340 1954 2403 sunt
2010 2331 2301 2424 propria,
2361 2356 2537 2403 unus
2574 2332 2762 2404 dens

471 2469 791 2538 unusque
839 2450 1115 2531 oculus,
1189 2450 1464 2522 minime
1519 2427 1764 2523 iustam
1828 2474 1913 2522 eo
1979 2451 2510 2545 explicationem
2573 2455 2763 2525 acci-

473 2567 685 2660 piunt.
794 2569 1019 2661 Atque
1074 2572 1173 2643 sic
1226 2594 1392 2644 sane
1450 2571 1685 2666 mytho
1726 2572 1978 2643 vestito
2033 2572 2210 2642 male
2246 2574 2551 2666 apparati
2592 2597 2762 2647 esse

474 2686 666 2757 visus
725 2709 1135 2782 morsusque
1202 2703 1408 2785 atque
1473 2705 1547 2762 ut
1615 2694 1789 2764 male
1850 2693 2155 2786 apparati
2210 2693 2467 2764 diserte
2521 2694 2760 2765 afferri

474 2806 566 2875 ob
622 2806 685 2876 id
745 2808 1067 2880 videntur
1119 2835 1257 2904 quo
1302 2825 1370 2883 et
1413 2835 1492 2883 ea
1543 2834 1720 2904 quae
1763 2813 1827 2880 in
1880 2813 2114 2906 primis
2167 2813 2253 2884 ad
2313 2813 2761 2886 custodiendi

475 2949 724 2997 munus
769 2930 1226 3020 requirantur,
1283 2933 1478 3003 visus
1521 2932 1780 3004 scilicet
1821 2933 2006 3003 acies
2050 2943 2116 3003 et
2158 2933 2503 3024 vigilantia
2543 2944 2760 3025 atque

471 3066 659 3115 arma
711 3048 794 3118 ad
844 3048 1325 3123 defensionem
1383 3051 1655 3133 idonea,
1715 3050 2185 3142 significentur
2222 3063 2567 3146 et‘parum
2612 3057 2762 3124 suf-

471 3164 766 3237 ficientia
824 3168 1234 3250 indicentur,
1293 3171 1727 3264 libenterque
1781 3172 2059 3243 dentem
2114 3169 2360 3243 efficax
2417 3195 2578 3243 esse
2632 3174 2762 3245 ad-

472 3286 958 3370 ditamentum,
1027 3288 1112 3359 ad
1171 3311 1321 3360 eam
1377 3314 1523 3363 rem
1581 3292 1667 3361 ab
1722 3290 2068 3386 Aeschylo
2127 3292 2520 3372 inventum,
2589 3315 2763 3365 esse

471 3406 817 3492 6011661]ος
874 3417 1100 3479 tamen
1151 3434 1326 3482 unus
1366 3414 1610 3483 oculus
1649 3433 2116 3502 numerusque
2156 3412 2496 3483 ternarius
2539 3414 2764 3484 multo

472 3523 796 3596 videntur
849 3529 1207 3619 graviores
1255 3553 1460 3622 quam
1517 3533 1583 3601 in
1639 3532 1890 3622 quibus
1930 3553 2064 3600 non
2116 3531 2504 3625 symbolum
2545 3534 2762 3625 longe

472 3646 894 3720 reconditius
943 3650 1392 3721 divinandum
1449 3652 1556 3733 sit,
1615 3674 1793 3743 quae
1835 3652 2237 3744 praesertim
2298 3674 2450 3721 cum
2503 3652 2591 3723 ad
2631 3676 2763 3724 eo-

474 3790 622 3837 rum
688 3790 910 3858 genus
968 3771 1350 3864 pertineant
1405 3795 1582 3863 quae
1639 3773 1701 3841 in
1762 3770 2179 3865 mythologia
2234 3772 2492 3842 Graeca
2566 3772 2764 3843 latis-

472 3886 713 3956 simam
771 3886 1070 3961 habeant
1122 3893 1548 3983 gravitatem.
