2970 5100
1232 445 1326 514 29

140 645 322 712 nulla
389 646 538 716 eius
605 647 999 717 discrimina
1070 647 1202 717 nisi
1255 650 1420 718 artis
1480 649 1809 743 operibus
1865 668 2006 716 non.
2056 648 2419 738 cognosci-

142 780 315 834 mus.
439 764 765 836 Videmus
824 768 1148 838 Perseum
1217 768 1666 839 instrumenta
1738 777 1971 838 contra
2029 768 2418 857 Gorgonem

138 881 495 953 Medusam
533 888 928 957 necessaria
963 907 1001 955 a
1040 885 1374 981 Nymphis
1412 899 1833 980 poscentem,
1883 886 2199 959 videmus
2233 908 2419 956 arma

140 1003 564 1085 induentem,
614 1027 652 1074 a
697 1007 1049 1077 Mercurio
1087 1007 1362 1076 volandi
1421 1019 1781 1102 praecepta
1837 1007 2286 1100 accipientem
2326 1005 2417 1103 ⁴2),

135 1134 256 1191 aut
307 1124 481 1194 falce
532 1146 574 1193 a
622 1126 931 1212 Minerva
999 1125 1152 1197 data
1220 1137 1600 1223 certamen
1639 1138 2023 1221 parantem,
2105 1129 2254 1199 sive
2311 1130 2420 1199 illa

135 1242 469 1313 Medusae
532 1257 736 1338 caput
789 1266 997 1314 arena
1053 1246 1404 1318 describat
1475 1259 1549 1317 ut
1618 1247 1915 1318 feriendi
1968 1249 2298 1317 exercitia
2354 1250 2419 1317 in

137 1362 209 1431 id
281 1364 659 1434 instituere
705 1366 960 1458 possit,
1047 1367 1196 1435 sive
1261 1366 1574 1437 eiusdem
1653 1366 2019 1457 imaginem
2087 1378 2422 1438 monstret

138 1483 342 1552 fonte.
383 1484 483 1554 vel
545 1495 791 1577 puteo,
857 1495 973 1554 aut
1027 1494 1224 1555 scuto
1278 1509 1404 1556 suo
1459 1488 1571 1557 vel
1629 1487 1915 1579 speculo
1953 1483 2039 1575 3).
2161 1487 2421 1577 Gorgo-

138 1625 267 1673 nes
320 1614 478 1673 ante
524 1605 853 1675 Medusae
918 1605 1466 1676 interfectionem
1525 1627 1771 1676 secure
1821 1606 2250 1676 dormientes
2303 1627 2422 1676 va-

136 1722 295 1802 riis,
368 1734 440 1792 ut
506 1745 587 1795 ea
646 1725 828 1816 ipsa,
898 1723 1124 1811 modis
1179 1722 1377 1794 fictae
1432 1738 1592 1795 sunt
1630 1719 1730 1816 ’ὓς
1802 1737 1945 1795 tum
2003 1736 2072 1795 et
2129 1747 2421 1818 propere

136 1843 514 1932 fugientem
556 1845 905 1914 Perseum·
933 1843 1248 1915 videmus
1303 1857 1370 1914 et
1423 1846 1656 1937 quiete
1698 1847 2137 1936 Gorgoneum
2182 1867 2416 1915 secum

136 1964 474 2032 ferentem
526 1964 637 2033 vel
694 1963 1047 2032 Minervae
1102 1964 1330 2035 tutrici
1387 1986 1553 2035 suae
1618 1964 2022 2035 tradentem.
2130 1964 2418 2034 Prorsus

134 2083 524 2172 singulares
579 2104 806 2174 neque
853 2083 921 2150 in
979 2083 1389 2176 scriptorum
1439 2083 1855 2154 locisnobis
1899 2083 2080 2153 notis
2133 2084 2417 2176 positae,

134 2224 293 2271 cum
349 2202 641 2272 sortasse
678 2203 763 2271 ‘in
810 2200 1142 2296 Aeschyli
1200 2201 1652 2274 Phorcidibus
1705 2203 2028 2282 nitantur,
2088 2223 2212 2272 eae
2262 2214 2421 2272 sunt

136 2321 472 2412 imagines
540 2322 606 2390 in
671 2322 923 2413 quibus
991 2321 1321 2393 Medusae
1375 2330 1656 2394 sorores
1712 2323 2036 2392 Perseum
2093 2333 2420 2392 accusent

138 2440 324 2534 apud
380 2441 794 2534 Neptunum,
851 2463 1101 2512 caesae
1152 2452 1551 2522 amatorem,
1608 2454 1723 2512 aut
1777 2443 2156 2512 Mercurius
2197 2463 2239 2509 a
2287 2441 2420 2511 deo

139 2562 315 2631 irato
370 2561 434 2629 ei
488 2562 603 2651 qui
674 2564 737 2631 in
814 2584 933 2634 sua
982 2573 1119 2633 est.
1153 2563 1363 2633 tutela
1422 2564 1892 2656 impunitatem
1948 2572 2264 2654 repetere
2319 2563 2419 2631 vi-

137 2680 386 2751 deatur
421 2677 508 2773 ⁵).
617 2681 829 2752 Valde
896 2684 1292 2773 frequentes
1357 2693 1516 2753 sunt
1587 2683 1919 2773 imagines
1989 2681 2321 2751 liberatae
2381 2704 2419 2750 a

138 2801 396 2872 Perseo
452 2802 798 2892 Gorgonei
853 2824 984 2896 ope
1022 2800 1564 2881 Andromedae,
1640 2823 1843 2894 quam
1903 2813 2020 2871 aut
2074 2802 2288 2871 solam
2349 2802 2415 2870 in

140 2922 431 3013 scopulo
499 2921 795 2992 vinctam
852 2922 1226 3014 aspicimus
1299 2933 1417 2991 aut
1482 2923 1735 2993 Perseo
1789 2921 2420 3015 appropinquante3

138 3063 282 3110 non
338 3040 540 3111 deest
596 3063 854 3135 pugna3
938 3052 1079 3111 tum
1136 3040 1488 3111 liberatam
1544 3041 1864 3112 videmus
1918 3040 2211 3121 deduci,
2277 3062 2421 3111 ser-

138 3182 388 3230 mones
442 3158 590 3230 fieri
648 3169 799 3253 post
851 3183 994 3231 rem
1042 3172 1329 3251 gestam,
1388 3161 1643 3234 deinde
1690 3162 2126 3251 Gorgoneum
2178 3182 2214 3229 a
2262 3161 2422 3230 Per-

135 3287 266 3350 seo
311 3301 609 3374 sponsae
657 3302 824 3351 suae
874 3280 1145 3351 ostendi
1183 3278 1270 3373 6),
1330 3283 1551 3376 ipsum
1589 3281 1675 3356 ab
1725 3302 1804 3351 ea
1848 3279 2235 3360 discedere,
2292 3302 2421 3350 nec

136 3423 282 3470 non
340 3396 602 3491 perfide
662 3400 985 3493 impetum
1041 3421 1079 3468 a
1134 3401 1543 3492 propinquis
1595 3401 1705 3469 vel
1772 3399 1986 3490 priori
2039 3420 2298 3491 sponso
2354 3400 2419 3470 in

136 3542 301 3589 eum
358 3516 526 3588 fieri.
635 3520 946 3611 Denique
1011 3541 1090 3591 ea
1145 3542 1323 3612 quae
1377 3517 1758 3611 Seriphum
1795 3541 2156 3610 regressus
2209 3519 2423 3609 gessit

139 3662 284 3709 non
351 3638 575 3709 minus
641 3639 728 3709 ab
791 3636 1166 3712 artificibus
1230 3640 1545 3729 'neglecta
1625 3648 1780 3709 sunt
1865 3660 2067 3730 quam
2147 3639 2423 3709 iocosae

136 3759 299 3829 illae
355 3758 687 3848 imagines
744 3759 976 3830 Persei
1032 3760 1313 3852 Satyros
1362 3759 1693 3829 Medusae
1746 3759 1970 3849 capite
2026 3758 2369 3828 terrentis.

350 3878 582 3968 ltaque
639 3878 818 3953 illico
874 3878 994 3947 vix
1049 3877 1382 3949 credibile
1454 3890 1560 3948 est
1629 3887 1761 3947 tam
1833 3877 2117 3968 copiose
2171 3877 2423 3947 ceteris

135 3996 467 4068 omnibus
522 3996 735 4091 mythi
783 3998 1093 4089 partibus
1148 3997 1518 4089 descriptis
1572 3999 1871 4068 futurum
1920 4017 2057 4066 non
2099 3996 2311 4067 fuisse
2355 4007 2422 4065 ut

138 4118 208 4188 id
284 4139 562 4208 quoque
633 4117 820 4208 quod
889 4117 976 4187 de
1047 4118 1285 4212 Graeis
1346 4117 1575 4207 ¹egerit
1641 4117 1933 4186 Perseus
2006 4116 2422 4206 imaginibus

136 4238 401 4330 pictum
456 4236 543 4307 ad
600 4258 729 4306 nos
781 4237 1183 4317 devenerit,
1261 4259 1414 4308 cum
1487 4236 1887 4326 praesertim
1955 4256 2044 4303 ex
2110 4257 2194 4304 eo
2265 4257 2417 4304 orsa

136 4380 304 4428 esse
352 4356 503 4426 eius
557 4357 891 4430 factorum
946 4357 1165 4428 series
1219 4367 1554 4428 narretur.
1662 4357 1915 4428 Tamen
1959 4355 2242 4425 multum
2302 4355 2422 4426 ab·
